3218 5332
688 319 820 418 ‘.¹4
865 355 907 367 ..

145 540 160 575 ·.
214 517 319 603 jubet,
349 538 417 602 qua
440 516 605 602 perterriti
630 515 753 580 ¹omues
784 513 902 578 urbem
925 534 1042 578 versus
1065 513 1274 597 confugiunt.
1321 512 1383 576 De·

217 624 328 709 nique
344 623 366 688 J
367 624 438 688 ovis
462 623 603 687 fulmine
627 622 892 687 commonefacta
909 620 1044 686 Ulixem
1067 619 1109 684 ab
1125 620 1259 685 illorum
1276 640 1384 705 perse-

215 731 348 797 cutione
372 735 505 796 revocat
528 729 602 816 (2337
615 730 704 813 -45)
740 727 926 813 foedusque
960 728 1047 792 inter
1081 734 1240 811 utrasque
1273 732 1384 811 partes

215 839 273 902 icit
294 837 479 924 (ele-48).
550 835 553 839 ’

282 945 332 1010 De
367 932 466 1008 rebus
506 942 629 1008 divinis
667 942 749 1006 haec
789 945 1104 1006 commemoratione
1143 939 1245 1024 digna
1284 946 1383 1004 sunt:

217 1051 369 1118 Minerva
400 1051 436 1114 in
460 1049 627 1128 omnibus,
659 1069 743 1134 quas
776 1048 886 1112 adhuc
918 1047 1161 1132 perspeximus
1195 1045 1386 1138 epiphaniis

216 1158 259 1244 (a,
283 1163 350 1241 βγ,
376 1157 411 1243 ω)
436 1163 467 1222 et
492 1144 609 1224 cadem
633 1156 742 1241 specie
765 1154 886 1219 induta
907 1161 1047 1240 apparet
1070 1161 1102 1219 et
1125 1154 1167 1220 ab
1190 1153 1386 1218 hominihus

217 1265 436 1350 cognoscitur.
495 1264 569 1328 Hac
592 1269 706 1328 autem
730 1262 771 1327 ‹le
795 1283 830 1327 re
852 1262 940 1326 inter
966 1261 1121 1347 'singulos
1144 1262 1233 1327 locos
1257 1259 1387 1347 aliquid

125 1368 129 1377 ’
217 1371 423 1436 differentiae
447 1369 630 1436 intercedit.
678 1369 833 1453 Namque
856 1368 892 1433 in
916 1367 1000 1433 libro
1024 1395 1052 1449 y,
1077 1369 1136 1453 qui
1161 1368 1248 1434 libro
1268 1395 1290 1432 α
1314 1367 1386 1431 imi-

216 1478 334 1544 tationi
358 1485 416 1556 est,
441 1477 603 1555 Minerva,
640 1497 718 1540 cum
749 1476 834 1539 mira
857 1497 933 1540 cum
958 1476 1123 1540 celeritate
1147 1497 1166 1540 a
1189 1474 1388 1539 mortalibus
1446 1460 1450 1467 ⁸

217 1585 349 1664 secedit,
373 1585 456 1670 ipsa,
481 1590 519 1649 ut
545 1590 754 1669 agnoscatur,
779 1582 895 1660 elficit3
920 1581 983 1647 hoc
1006 1603 1082 1647 vero
1106 1604 1174 1647 non
1199 1583 1269 1647 sine
1297 1588 1389 1646 certa

217 1714 318 1757 causa
340 1691 495 1770 instituit,
528 1712 607 1755 cum
643 1690 678 1754 in
702 1689 786 1754 libro
811 1719 832 1756 α
858 1689 1048 1754 Telemachi
1084 1689 1236 1753 animum
1271 1687 1388 1753 confir-

218 1821 319 1878 mare,
354 1799 390 1863 in
425 1798 510 1864 libro
544 1827 563 1882 y
600 1796 745 1862 eundem
780 1797 911 1862 Nestori
946 1796 1117 1883 Pyliisque
1152 1796 1389 1862 commendare

218 1906 428 1991 propositum
464 1903 595 1970 habeat.
649 1904 695 1968 At
729 1905 765 1968 in
800 1903 933 1970 librom
968 1925 1037 1968 nou
1059 1904 1134 1989 ipsa
1157 1903 1309 1969 divinam
1331 1924 1389 1967 na·

218 2019 329 2077 turam
353 2012 506 2089 ostendit,
532 2011 599 2089 sed,
625 2011 826 2096 simulatque
850 2011 986 2091 accedit,
1017 2017 1191 2096 tamquam
1215 2011 1322 2076 invita
1345 2008 1389 2074 ab

219 2120 318 2186 Ulixe
341 2121 542 2205 agnoscitur,
567 2141 635 2205 quo
659 2120 705 2196 fit,
730 2125 768 2182 ut
790 2118 1088 2184 commutationem
1118 2139 1215 2183 suam
1239 2116 1390 2203 quadam

219 2248 260 2292 ex
283 2233 377 2312 parte
400 2247 525 2316 vanam
548 2232 649 2311 atque
683 2225 813 2290 irritam
837 2225 962 2291 reddat.
1021 2225 1100 2290 Huc
1123 2225 1259 2303 accedit,
1296 2223 1391 2309 quod
1466 2216 1470 2224 ’

219 2356 288 2399 non
311 2340 401 2399 certa
424 2354 525 2398 causa
547 2339 700 2419 permota
734 2333 876 2410 videtur,
916 2338 954 2397 ut
988 2333 1110 2410 statim,
1150 2332 1208 2397 ubi
1241 2332 1389 2402 advenit,
1442 2420 1446 2425 ι

219 2426 336 2506 11111111
355 2447 510 2504 naturam
528 2436 726 2525 p'atelaciat3
750 2461 860 2525 neque
878 2440 967 2504 enim
984 2439 1126 2524 legimus
1143 2440 1235 2505 Ulixi
1251 2439 1392 2524 eiusque

220 2547 317 2613 sociis
356 2546 437 2612 deae
456 2571 460 2582 ¹
476 2547 665 2632 praesentia
704 2547 835 2611 animos
874 2546 963 2626 addi,
1010 2552 1043 2623 et
1080 2547 1271 2612 Ithacenses
1316 2553 1392 2610 tum

220 2655 358 2720 demum
404 2654 501 2719 dcam
547 2653 767 2739 adgnoscunt,
815 2676 893 2720 cum
938 2676 1020 2720 voce
1063 2655 1134 2720 eius
1181 2654 1392 2720 deterrentur

220 2760 404 2853 (13311).Ι
452 2761 626 2825 Praeterea
661 2782 730 2825 nou
765 2761 836 2826 sine
871 2761 1056 2826 offensione
1090 2761 1244 2827 videmus
1280 2761 1392 2826 solum

221 2869 365 2947 Ulixem,
391 2890 460 2933 non
477 2868 727 2947 Telemachum,
753 2868 851 2934 deam
874 2869 1079 2953 cognovisse.
1112 2869 1265 2935 Minerva
1288 2869 1391 2947 enim,
1474 2919 1476 2923 .

221 2976 523 3062 quotienscumque
538 2996 616 3040 cum
632 2975 728 3041 Ulixe
740 2976 874 3061 cognita
886 2976 1048 3041 collocuta
1061 2983 1150 3056 crat,
1172 3015 1212 3023 -
1236 2976 1392 3044 versibus

222 3084 330 3170 χ205
344 3083 451 3161 aazia,
489 3081 530 3147 de
564 3081 688 3167 quibus
721 3082 810 3147 infra
844 3082 947 3147 verba
970 3083 1141 3162 iaciemus,
1177 3084 1324 3168 exceptis
1348 3122 1393 3130 -

223 3211 354 3275 semper
388 3189 534 3274 speciem
569 3210 727 3274 operosae
761 3190 911 3255 mulieris
943 3190 1107 3255 induerat.
1170 3191 1393 3256 Telemachus

222 3318 301 3364 vero
325 3297 485 3361 Mentoris
509 3296 618 3381 specie
641 3296 796 3361 indutam
820 3296 927 3375 dcam,
965 3297 1060 3363 cuius
1094 3319 1210 3365 veram
1233 3304 1392 3362 naturam

223 3409 339 3489 postea
361 3404 527 3489 cognovit,
551 3403 638 3469 inter
661 3404 767 3469 socios
790 3403 917 3483 habuit,
947 3404 1090 3470 eumad
1114 3405 1289 3470 Nestorem
1311 3406 1393 3472 navi

227 3510 412 3577 veheretur.
476 3511 593 3596 ltaque
631 3517 731 3596 poeta
768 3533 845 3576 cum
883 3533 953 3576 non
987 3512 1235 3591 Telemachum,
1274 3534 1395 3578 verum

225 3618 361 3684 Ulixem
383 3617 482 3682 deam
498 3619 610 3683 statim
626 3625 882 3703 cognoscentem
898 3621 1029 3698 iaceret,
1054 3640 1213 3705 quaerere
1234 3621 1392 3705 neglexit,
1465 3658 1473 3679 .

137 3756 139 3761 ·
225 3725 389 3810 quidnam
412 3731 553 3810 uterque
577 3725 618 3790 de
642 3726 741 3792 rebus
765 3725 888 3792 divinis
912 3733 1121 3812 compertum
1144 3726 1289 3792 haberet.
1335 3727 1392 3793 Vi-

226 3831 323 3897 dctur
346 3838 459 3896 autern
482 3832 631 3897 Nestoris
654 3833 798 3898 formam
820 3833 895 3898 ideo
919 3855 1108 3926 usurpasse,
1133 3833 1221 3920 quod
1246 3834 1395 3900 maxime

225 3938 347 4004 idonea
371 3946 450 4018 erat,
475 3960 543 4024 qua
567 3939 629 4004 dea
652 3939 739 4005 inter
753 3941 954 4026 proeliantes
978 3962 1049 4006 sese
1064 3941 1227 4008 misceret.
1265 3942 1393 4008 Verum

30 4044 43 4071 ⁰
127 4127 129 4132 Ι
227 4047 327 4131 plane
351 4046 417 4110 alia
440 4046 480 4110 de
505 4067 606 4111 causa
628 4047 693 4126 ille,
719 4048 778 4133 qui
794 4047 895 4113 libros
911 4055 935 4128 β
949 4074 968 4129 γ
983 4049 1180 4135 composuit,
1206 4049 1395 4116 Minervam

227 4153 388 4218 Mentoris
411 4154 556 4238 speciem
579 4153 776 4220 induentem
799 4155 916 4220 fecisse
939 4156 1111 4241 putandus
1136 4163 1194 4235 est,
1219 4154 1284 4223 nisi
1307 4159 1392 4223 forte

228 4283 316 4339 eum,
357 4260 416 4344 qui
439 4266 544 4325 totam
567 4261 784 4346 epiphaniam
807 4267 831 4340 β
852 4290 872 4345 y
895 4284 1029 4328 summa
1062 4285 1141 4328 cum
1174 4271 1244 4329 arte
1269 4272 1301 4330 et
1323 4265 1394 4330 dili·

228 4369 343 4452 gentia
366 4367 434 4454 (cfr.
453 4368 591 4433 Kirchh.
617 4391 670 4454 pg.
691 4370 754 4435 258
779 4370 841 4457 sq.)
865 4371 1041 4451 enarravit,
1065 4372 1129 4436 hac
1152 4371 1187 4435 in
1210 4394 1245 4437 re
1269 4378 1394 4438 temere

72 4465 76 4473 ’
134 4549 140 4561 ,
230 4476 336 4565 egisse
371 4475 611 4543 existimamus.
670 4477 759 4544 Nam
793 4499 871 4543 cum
893 4478 1046 4546 Minerva
1077 4479 1112 4544 id
1147 4486 1319 4568 spectaret,
1357 4488 1397 4547 ut
