3218 5332
664 294 1043 374 Α«μ47--’

225 500 408 567 revertisse.
461 502 589 587 Itaque,
622 502 649 566 si
674 504 794 582 exeis,
831 525 917 590 quae
942 510 1039 589 poeta
1062 505 1223 590 concepit,
1260 525 1299 568 ea
1323 504 1388 567 cifi-

224 629 297 673 cere
333 608 417 688 licet,
456 631 542 694 quae
578 609 640 674 sibi
675 612 894 695 proposuerit,
930 616 1029 696 poeta
1051 611 1239 677 Minervam
1274 632 1312 675 ea
1347 610 1388 674 de

223 736 324 780 causa
357 716 400 780 ad
435 723 623 782 extremum
657 737 728 782 sese
763 717 1000 783 admiscentem
1037 719 1124 797 iecit,
1157 724 1194 782 ut
1218 724 1250 782 et
1272 717 1388 782 Ulixes

222 821 319 887 bonis
342 824 498 909 auspiciis
521 823 643 902 redeat,
660 830 701 902 et,
719 824 778 909 qui
801 824 953 903 audiunt,
978 826 1160 890 doceantur
1181 846 1260 890 eum
1280 846 1387 910 usque

222 929 323 994 adid
347 936 480 1018 tempus
504 931 619 997 divina
642 930 745 996 tutela
767 953 869 996 usum
892 954 971 997 esse.
1004 933 1079 997 Hac
1099 931 1237 1018 quidem
1260 932 1387 996 ratione

222 1038 347 1122 optime
382 1037 595 1123 intellegitur,
631 1043 690 1103 cur
713 1038 865 1105 Minerva
899 1060 977 1104 curn
1013 1039 1111 1104 Ulixe
1147 1060 1278 1104 reverso
1313 1060 1386 1104 con·

221 1132 336 1228 gressa
370 1145 427 1223 sit;
465 1145 523 1210 sed
557 1166 616 1210 cur
651 1167 822 1211 reversum
855 1147 999 1232 patriam
1033 1146 1198 1224 celaverit,
1234 1145 1386 1210 nonduin

221 1250 335 1336 liquet.
711 1259 717 1270 ‘
1323 1247 1324 1250 ’

310 1358 409 1423 Nunc
432 1380 511 1424 vero
534 1358 688 1424 videmus
723 1365 856 1445 poetam
892 1381 1024 1425 summa
1059 1381 1137 1424 oum
1172 1367 1241 1431 arte
1276 1359 1385 1425 Ulixis

222 1464 367 1530 dolorem
404 1465 595 1552 depinxisse
617 1473 662 1531 'et
695 1467 948 1556 oratiunculam,
974 1489 1042 1552 qua
1065 1467 1217 1532 Minerva
1240 1487 1318 1531 eum
1344 1466 1385 1530 de

220 1572 350 1637 insulae
374 1573 510 1638 nomine
535 1573 708 1638 certiorem
730 1574 819 1653 lacit,
855 1574 1122 1659 ingeniosissime
1157 1573 1385 1659 composuisse

220 1678 296 1765 (237
320 1683 391 1765 sq).
451 1676 635 1758 Praeterea,
671 1680 947 1766 quandoquidem
982 1680 1170 1745 Minervam
1204 1702 1238 1744 se
1272 1680 1384 1744 inmis-

220 1774 350 1851 centem
379 1787 487 1852 lacere
516 1786 657 1865 volebat,
689 1787 725 1851 id
753 1788 973 1873 spectandum
997 1794 1075 1866 erat,
1111 1793 1149 1853 ut
1182 1786 1263 1852 deae
1294 1808 1400 1872 prae*

220 1893 328 1959 sentia
351 1893 492 1959 alicuius
514 1894 677 1959 momenti
701 1901 796 1973 esset,
829 1916 938 1980 neque
962 1895 1110 1959 alienum
1133 1893 1317 1972 videbatur,
1347 1900 1385 1957 ut
1461 1878 1469 1899 ’

180 2077 182 2082 ¹
220 1999 282 2065 dea
304 2001 378 2086 ipsa
402 2001 493 2066 Ulixi
516 2001 686 2066 nuntiaret
714 2022 793 2067 eum
823 2001 859 2065 in
881 2002 1025 2088 patriam
1054 2001 1238 2068 advenisse.
1286 2001 1383 2065 Deni-

219 2128 285 2192 que
321 2108 350 2172 si
373 2107 489 2201 Ulixes
512 2107 592 2173 navi
627 2108 667 2172 ad
704 2107 796 2173 urbis
828 2105 962 2193 portum
992 2109 1135 2194 appulsa
1163 2108 1256 2172 nulla
1290 2129 1384 2172 mora

218 2214 414 2299 interposita
447 2214 491 2278 ad
526 2214 716 2300 Penelopen
758 2237 792 2280 se
821 2215 1027 2294 contulisset,
1063 2222 1122 2280 aut
1157 2215 1185 2279 si
1219 2215 1254 2279 in
1289 2215 1383 2304 litore

218 2326 435 2406 experrectus
464 2322 572 2407 patria
606 2323 718 2387 statim
751 2322 885 2407 cognita
911 2321 1050 2386 domum
1083 2329 1301 2407 properasset,
1338 2344 1383 2386 re-

218 2428 308 2493 ditus
340 2428 411 2514 ipse
439 2450 500 2514 pro
528 2429 629 2494 tantis
664 2428 830 2494 erroribus
865 2435 897 2494 et
931 2429 1224 2495 vehementissimo
1257 2430 1383 2514 patriae

220 2535 384 2600 desiderio
409 2536 488 2601 satis
512 2536 594 2603 levis
618 2544 651 2601 et
672 2537 783 2601 inanis
807 2536 983 2602 videretur.
1019 2537 1137 2620 Itaque
1160 2542 1258 2622 poeta
1281 2557 1320 2600 ea
1343 2535 1383 2600 de
1451 2543 1463 2566 ⁸

217 2663 320 2707 causa
342 2643 530 2709 Minervam
552 2642 699 2708 insulam
722 2643 928 2728 incognitam
952 2642 1146 2708 reddentem
1168 2643 1256 2724 iecit,
1293 2649 1330 2707 ut
1353 2649 1385 2706 et

168 2785 174 2794 ·
219 2749 328 2814 Ulixis
350 2749 496 2814 reditum
518 2750 630 2835 aliquo
653 2750 800 2836 pondere
824 2756 989 2836 premeret
1012 2756 1044 2847 et
1067 2749 1129 2815 dea
1151 2742 1298 2828 haberet,
1325 2771 1384 2837 cur

219 2878 289 2921 sese
313 2856 518 2922 admisceret.
574 2857 685 2942 Atque
709 2879 743 2922 re
767 2878 846 2923 vera
869 2857 1008 2942 contigit
1030 2857 1070 2935 ei,
1102 2863 1148 2934 ut,
1173 2877 1251 2921 cum
1276 2857 1384 2922 Ulixis

218 2963 364 3028 reditum
389 2964 438 3030 .vi
473 2963 620 3049 quadam
659 2969 759 3049 atque
801 2963 948 3050 pondere
987 2969 1161 3049 premeret,
1202 2963 1384 3048 legentium
1418 3048 1421 3053 ⁶

221 3071 352 3135 animos
376 3071 524 3135 maximo
548 3070 672 3156 gaudio
696 3071 850 3136 afficeret.
898 3070 957 3136 ille
981 3071 1081 3149 enim,
1107 3091 1316 3155 quamquam
1339 3091 1384 3134 re-

219 3198 347 3257 versuS,
383 3177 675 3244 vehementissime
699 3178 850 3269 queritur
874 3174 1032 3266 (lassae),
1070 3177 1166 3262 quasi
1190 3176 1384 3262 desperatus

221 3284 318 3360 litora
356 3285 482 3370 patriae
521 3291 668 3370 pererrat
705 3284 894 3373 (rra-xl),
939 3291 977 3349 ut
1015 3284 1131 3369 paucis
1173 3283 1382 3368 complectar,

219 3391 337 3456 eadem
372 3392 506 3477 patitur,
544 3399 645 3477 atque
685 3392 714 3456 si
747 3392 784 3456 in
813 3392 957 3456 alienam
981 3397 1103 3456 terram
1136 3396 1222 3456 esset
1244 3389 1381 3454 delatus.

220 3497 424 3583 Interposuit
457 3498 559 3583 igitur
589 3505 696 3584 poeta,
731 3505 914 3584 antequam
937 3498 1073 3564 Ulixem
1095 3497 1239 3583 patriam
1261 3498 1384 3561 laceret

218 3611 484 3690 cognoscentem,
500 3605 545 3684 id,
563 3605 654 3691 quod
669 3627 730 3671 nos
747 3604 889 3670 dicimus
904 3602 1188 3685 ¹„retardierendes
1201 3603 1382 3680 Moment‘,

219 3733 287 3798 quo
312 3712 422 3791 etiem,
435 3713 507 3798 ‘qui
530 3712 653 3777 librum
675 3739 694 3798 η
717 3712 878 3798 concepit,
915 3733 1014 3776 usum
1039 3732 1110 3776 esse
1134 3731 1236 3796 supra
1258 3710 1383 3776 inveni-
1494 3787 1500 3799 .

218 3841 316 3898 mus3
350 3819 419 3884 hoo
437 3825 550 3884 autem
572 3819 609 3883 in
632 3819 703 3884 loco
726 3818 770 3884 ad
794 3840 868 3885 eam
892 3825 997 3884 artem
1020 3817 1180 3903 processit
1203 3823 1309 3902 poeta,
1346 3822 1383 3880 ut

218 3932 429 3991 momentum
452 3926 535 3991 illud
557 3927 714 3991 iteratum
737 3931 770 3990 et
791 3932 929 3991 auctum
952 3930 1136 4009 usurparet,
1174 3945 1242 4010 qua
1276 3923 1316 3988 de
1348 3945 1382 3988 re

191 4052 199 4067 ·
219 4039 335 4121 postea
357 4033 460 4099 verba
482 4033 570 4098 fient.

308 4140 424 4206 Ulixes
447 4160 536 4217 vero,
571 4139 629 4204 ubi
653 4138 782 4205 audivit
804 4139 840 4203 in
863 4139 971 4224 patria
994 4160 1064 4204 sese
1088 4160 1168 4218 esse,
1205 4139 1381 4205 vehemen-

219 4254 270 4312 ter
291 4246 416 4333 gaudet
439 4252 471 4312 et
493 4246 784 4312 narratiunculam
801 4245 906 4330 fingit,
943 4267 1046 4332 quam
1081 4267 1150 4310 non
1181 4245 1252 4313 sine
1282 4246 1382 4309 offen-

220 4356 312 4420 sione
338 4354 489 4440 legimus.
548 4355 702 4438 Namque
738 4353 766 4418 si
789 4353 1015 4437 respiciamus,
1052 4374 1119 4437 quo
1143 4351 1304 4418 desiderio
1327 4351 1382 4416 ille

220 4483 352 4548 semper
385 4460 528 4547 patriam
563 4459 787 4539 adfectaverit,
821 4459 947 4545 optimo
978 4461 1053 4546 jure
1086 4459 1258 4538 miramur,
1291 4458 1383 4544 quod
1491 4543 1494 4549 1

807 4575 818 4597 .
