3218 5332
661 315 881 383 „45-

191 517 320 593 gestare
345 509 505 587 solebant,
530 531 589 595 per
612 511 690 575 litus
713 511 832 575 transit
855 517 887 575 ct
910 532 986 575 cum
1013 510 1109 575 Ulixe
1132 510 1362 595 congreditur.

194 617 326 681 Nomen
358 638 437 695 vcro
461 616 665 682 adulescenti
689 639 756 682 non
780 617 948 695 tribuitur,
984 638 1105 703 nempe
1141 617 1284 682 eandem
1313 617 1362 685 ob

194 742 332 788 causam
354 730 455 808 atque
478 724 514 788 in
538 723 622 789 libro
645 754 664 812 η
688 723 754 810 (pg.
778 723 851 811 33);
876 746 956 788 nam
980 745 1057 788 oum
1081 724 1207 803 Ulixes
1231 725 1287 789 cui
1309 724 1362 789 in·

193 829 300 895 sulam
325 851 523 916 cognoscere
558 853 627 895 non
661 831 789 911 licebat,
826 832 926 895 etiarn
950 830 990 896 de
1013 831 1117 917 hujus
1139 831 1276 897 nomine
1307 852 1361 896 ce

192 937 311 1001 landus
346 944 440 1016 esset,
476 944 574 1023 poeta
607 940 682 1023 jure
717 957 1007 1022 supervacaneum
1033 937 1129 1003 duxit
1151 936 1363 1002 adulescenti

191 1065 314 1108 nomen
336 1044 518 1129 imponere.
576 1043 700 1108 Omnia
721 1044 823 1129 igitur
845 1043 990 1129 perbene
1013 1045 1060 1109 ita
1081 1044 1244 1109 instructa
1267 1051 1361 1124 sunt,

191 1157 228 1214 ut
252 1151 366 1215 Ulixes
391 1151 577 1216 Minervam
612 1173 680 1215 non
704 1156 889 1235 cognoscat,
926 1150 1017 1236 quod
1052 1151 1189 1236 quidem
1223 1151 1259 1215 in
1290 1152 1361 1236 epi-

191 1255 316 1342 phania
340 1258 376 1325 v*
396 1279 431 1322 re
453 1279 533 1323 vera
555 1279 624 1322 non
647 1258 692 1322 fit.

279 1364 366 1428 Tum
392 1386 539 1449 quanam
564 1365 604 1428 de
628 1385 729 1429 causa
752 1365 903 1430 Minerva
938 1363 1036 1428 rebus
1072 1385 1106 1428 se
1130 1365 1361 1445 admiscuerit,

191 1473 371 1556 quaeritur,
407 1493 475 1556 qua
506 1472 541 1536 in
576 1494 610 1536 re
640 1479 751 1536 mente
781 1478 954 1536 teneamus
984 1493 1045 1536 nos
1075 1472 1180 1536 solam
1210 1472 1361 1557 priorem

192 1584 322 1662 partem
357 1578 528 1663 respicere.
587 1579 742 1664 Namque
777 1579 804 1642 si
840 1578 880 1642 dc
915 1584 983 1642 toto
1019 1577 1103 1643 libro
1139 1606 1158 1646 ν
1191 1585 1359 1663 ageretur,

191 1691 429 1779 causa-aperta
452 1684 533 1749 haec
563 1692 665 1749 esset:
700 1684 852 1749 Minerva
879 1684 1024 1751 insulam
1054 1684 1185 1762 nebulis
1217 1686 1360 1750 circum·
1389 1672 1392 1679 ¹

191 1791 311 1874 fundit,
334 1799 372 1855 ut
398 1791 509 1857 Ulixes
532 1792 568 1855 in
591 1791 686 1856 litore
709 1798 933 1867 commoratus
948 1812 1146 1876 congressus
1162 1792 1361 1858 facultatem

192 1897 247 1962 det
270 1919 354 1964 nevo
378 1898 486 1983 patria
508 1898 621 1962 statim
644 1898 777 1982 cognita
811 1897 928 1962 urbem
952 1918 1068 1964 versus
1092 1906 1246 1984 properet
1280 1905 1313 1963 et
1338 1921 1360 1964 a

192 2005 300 2089 procis
334 1988 559 2069 interficiatur.
620 2004 714 2080 Quae
747 2026 848 2069 causa
875 2025 1082 2089 quamquam
1105 2026 1174 2068 non
1198 2027 1239 2069 ex
1261 2006 1360 2070 omni

191 2118 284 2195 parte
306 2112 397 2196 justa
429 2150 469 2157 -
502 2110 620 2175 licebat
644 2111 734 2181 enim
757 2111 928 2176 Minervae
952 2110 1053 2175 etiam
1076 2111 1111 2174 in
1135 2111 1190 2176 via
1214 2111 1359 2177 domum

192 2218 384 2302 properanti
407 2216 585 2296 obversari,
611 2224 648 2281 ut
664 2218 827 2282 Mercurio
850 2217 895 2299 in,
909 2217 1019 2282 Circes
1042 2217 1152 2282 insula
1177 2256 1216 2266 -
1241 2224 1359 2284 tamen

191 2324 226 2388 in
261 2324 481 2389 offensionem
515 2345 584 2388 non
605 2306 764 2407 ¹incurrit.
824 2323 889 2388 Sed
923 2345 1001 2388 cum
1034 2345 1083 2390 vs.
1112 2324 1284 2390 rat—286
1312 2325 1358 2391 ab

192 2430 372 2515 epiphania
395 2429 429 2498 12²
452 2431 618 2495 seiunctos
642 2437 781 2495 tractare
805 2431 1014 2516 propositum
1038 2430 1088 2508 sit,
1126 2431 1205 2495 sola·
1227 2452 1270 2495 ex
1283 2432 1358 2503 ,hac

192 2543 284 2622 parte
308 2537 507 2601 inrniscendi
531 2558 668 2602 causam
697 2530 833 2602 efficere*
850 2543 989 2622 oportet,
1024 2537 1090 2602 nisi
1125 2538 1208 2602 torte
1242 2559 1358 2604 conce·

193 2643 312 2708 damus
354 2665 415 2709 nos
466 2651 642 2729 utramque
681 2651 810 2729 partem
861 2643 945 2710 lalso
983 2664 1021 2708 ac
1073 2650 1196 2709 temere
1246 2644 1359 2731 dispa-

192 2771 326 2815 ravrsse.

282 2857 380 2933 Quod
404 2857 542 2941 quidem
565 2858 717 2951 Minerva
744 2857 884 2923 nebulas
918 2857 1166 2936 circumfundit,
1199 2864 1236 2922 ut
1267 2859 1358 2923 insu-

193 2964 259 3028 lam
287 2963 438 3049 ignotam
471 2963 597 3043 reddat,
632 2965 760 3029 nullam
789 2964 890 3029 habet
917 2963 1169 3029 dubitationem.
1228 2965 1361 3032 Verum

194 3071 283 3135 enim
321 3092 400 3136 vero
439 3069 673 3136 difficillimum
704 3078 753 3136 est
776 3070 971 3157 dijudicatu,
1010 3071 1038 3136 si
1076 3093 1127 3136 res
1165 3072 1360 3138 Ithacenses

193 3179 386 3244 omittamus
411 3202 450 3224 -ι
488 3177 528 3242 de
563 3177 685 3263 quibus
720 3178 789 3243 sola
823 3178 859 3241 in
892 3179 1072 3264 posteriore
1097 3183 1201 3265 ,parte
1236 3180 1360 3264 agitur-

194 3306 344 3371 quanam
373 3305 476 3349 causa
506 3284 568 3349 dea
598 3292 764 3350 commota
791 3285 842 3365 sit,
874 3292 912 3350 ut
942 3286 1079 3350 omnino
1104 3287 1247 3365 Ulixem,
1277 3309 1359 3372 quo-

193 3393 306 3456 minus
345 3392 487 3477 patriam
525 3398 745 3476 cognosceret,
784 3392 983 3477 prohiberet.
1046 3393 1159 3458 Rebus
1195 3393 1287 3458 enim
1320 3395 1360 3459 in

193 3499 275 3583 ipsis
298 3498 382 3562 nihil
405 3498 553 3583 impedit,
590 3499 770 3584 quominus
804 3498 858 3563 ille
883 3500 994 3564 statim
1023 3499 1066 3565 ad
1089 3500 1280 3587 Penelopen
1304 3501 1359 3566 do-

195 3627 356 3690 mumque
380 3626 450 3670 sese
474 3605 675 3691 praecipitet.
732 3605 849 3690 ltaque
874 3606 957 3670 nihil
988 3607 1196 3692 relinquitur,
1231 3607 1297 3672 nisi
1320 3615 1361 3672 ut

195 3712 237 3777 ad
261 3719 377 3798 poetae
401 3711 576 3796 ingenium
599 3713 842 3796 confugiamus,
871 3735 954 3778 num
977 3714 1056 3778 artis
1077 3713 1263 3813 ⁸rationibus
1287 3737 1359 3800 pcr-

195 3826 306 3883 motus
329 3819 516 3884 Minervam
539 3820 641 3884 istmn
663 3820 699 3883 in
722 3819 862 3884 modum
884 3820 983 3886 rebus
1014 3842 1085 3887 sese
1117 3821 1359 3888 admiscentem

186 3926 316 3991 lecerit.
376 3925 443 3990 Hic
477 3947 555 3991 vero
591 3926 738 4011 primum
772 3927 875 3992 oculis
899 3926 1103 4007 obversatur,
1138 3950 1209 3993 rem
1231 3929 1359 4015 optime

195 4032 389 4100 instructam
432 4053 511 4110 esse,
552 4040 589 4096 ut
623 4032 783 4112 Minerva,
824 4040 1004 4120 postquam
1043 4035 1158 4100 Ulixes
1196 4042 1272 4120 post
1309 4043 1360 4102 tot

195 4146 372 4224 tantosque
396 4160 521 4203 errores
544 4138 681 4204 tandem
703 4140 846 4220 revertit,
881 4141 956 4226 ipsa
977 4141 1099 4206 laetam
1122 4142 1193 4207 eius
1217 4143 1358 4208 exsulta-

195 4247 321 4311 tionem
353 4245 523 4330 adspiciat.
571 4245 709 4311 Accedit
743 4253 865 4326 autem,
901 4247 1001 4332 quod,
1038 4249 1097 4334 qui
1125 4248 1250 4334 legunt,
1285 4250 1359 4316 eius

196 4353 383 4438 praesentia
407 4353 476 4418 sive
500 4354 725 4418 meminerunt
757 4354 828 4419 sive
851 4353 1012 4419 docentur
1035 4355 1169 4421 Ulixem
1192 4377 1261 4421 non
1285 4357 1358 4423 sine

197 4459 311 4526 divino
334 4459 458 4525 auxilio
492 4481 602 4548 neque
632 4481 758 4526 errores
792 4461 966 4547 pertulisse
1000 4483 1109 4550 neque
1143 4463 1179 4527 in
1199 4464 1359 4550 vpatriam
