3218 5332
687 678 709 765 a
735 679 785 745 n.

239 856 312 921 Iam
349 878 428 922 vero
468 856 511 921 ad
550 877 606 921 eos
643 857 732 921 locos
772 863 991 936 transeamus,
1031 857 1089 923 ubi
1129 859 1315 939 huminum,

151 953 296 1048 quorum
319 963 443 1028 formas
476 962 529 1028 dei
552 963 708 1043 induunt,
744 964 882 1028 nomina
910 986 978 1028 non
1001 965 1222 1050 appellantur,
1259 967 1315 1031 sed

151 1092 259 1136 mores
284 1075 316 1136 et
338 1069 473 1135 habitus
504 1068 746 1135 describuntur.
803 1070 925 1156 Agitur
955 1060 1068 1136 autem
1104 1079 1136 1137 et
1170 1071 1210 1137 de
1234 1073 1316 1138 Mer-

151 1178 254 1255 curiO,
279 1177 338 1263 qui
362 1176 583 1242 adulescentis
607 1178 752 1262 speciem
775 1176 885 1242 induit
917 1181 950 1264 (κ
975 1178 1171 1266 atr-308),
1208 1186 1241 1244 et
1275 1179 1316 1244 de

150 1285 316 1363 Minerva,
373 1305 459 1369 quae
511 1284 548 1348 in
600 1284 774 1349 mulierem
827 1285 1008 1350 formosam
1055 1284 1109 1372 (ν,
1132 1287 1315 1366 arar-440,

151 1420 177 1460 π
203 1392 386 1469 155-177,
421 1418 441 1458 v
465 1390 607 1478 30-55)
643 1397 743 1476 atque
764 1391 815 1455 'in
848 1391 1014 1476 virginem
1050 1390 1246 1480 (pra-81)
1281 1415 1315 1459 se

150 1503 347 1577 commutem
372 1497 496 1583 quibus
520 1519 537 1562 e
561 1497 789 1583 loeisaprimos
811 1519 928 1564 versus
952 1528 971 1586 η
997 1500 1315 1585 19-81perlustra-

153 1605 275 1684 bimus,
316 1604 396 1691 quia
419 1604 536 1670 eadem
560 1603 729 1689 Odysseae
752 1610 846 1690 parte
869 1611 970 1690 atque
992 1626 1109 1671 versus
1134 1608 1151 1682 ζ
1177 1608 1215 1671 13
1227 1609 1314 1687 -47‚

150 1734 235 1798 quos
258 1710 358 1777 modo
383 1712 608 1789 tractavimus,
633 1711 856 1776 continentur.

236 1819 398 1897 Minerva,
445 1823 484 1882 ut
527 1818 564 1881 in
588 1817 693 1893 ,libro
741 1822 766 1897 ζ,
813 1838 891 1883 cum
929 1818 1131 1884 Nausicaam
1177 1819 1313 1885 obviam
1368 1889 1370 1895 k
1417 1811 1421 1818 ²

150 1925 305 2003 mitteret,
340 1924 432 1990 Ulixi
464 1914 556 1989 viam
590 1924 755 2008 patefecit,
788 1924 835 1988 ita
866 1923 1010 1989 vcrsibb.
1039 1954 1057 2012 η
1084 1926 1211 2010 19,-81
1236 1947 1314 1991 cum

147 2032 221 2118 ipso
259 2029 481 2116 congreditur,
521 2035 559 2094 ut
592 2029 850 2115 quomodo‘ille
874 2030 1065 2095 Phaeacum
1088 2031 1218 2119 animos
1251 2033 1314 2098 sibi

148 2138 309 2215 conciliet,
333 2136 524 2223 praecipiat.
583 2135 644 2200 Est
679 2142 792 2201 autem
821 2135 940 2201 induta
963 2137 1072 2222 specie
1095 2138 1234 2222 virginis
1258 2162 1313 2205 no-

147 2242 303 2309 minatim
337 2264 404 2307 non
439 2243 633 2328 appellatae,
670 2264 756 2328 quae
791 2264 842 2308 res
877 2242 957 2307 satis
992 2242 1078 2307 mira
1107 2243 1248 2324 ridetur,
1285 2247 1313 2311 si

149 2350 307 2436 respicias
342 2350 378 2413 in
413 2349 601 2434 epiphaniis
634 2347 744 2413 adhuc
779 2349 925 2414 tractatis
960 2356 1074 2434 poetas
1109 2350 1312 2431 hominibus,

147 2478 293 2543 quorum
325 2457 449 2521 formas
485 2454 539 2519 dei
566 2454 761 2534 induebant,
798 2447 929 2541 semper
966 2457 1104 2521 nomina
1141 2457 1310 2528 indidisse.

145 2563 286 2628 Exsistit
307 2562 410 2647 igitur
433 2561 593 2647 quaestio,
625 2567 740 2626 utrum
770 2562 825 2627 hic
848 2568 961 2627 noster
982 2583 1043 2647 per
1065 2564 1312 2649 neglegentiam

146 2692 190 2735 an
214 2675 303 2735 certa
326 2690 427 2734 causa
450 2674 623 2754 permotus
646 2659 837 2734 Phaeacum
861 2669 984 2754 virgini
1014 2663 1137 2734 nomen
1161 2693 1230 2736 non
1252 2673 1311 2737 im-

145 2777 301 2863 posuerit.
360 2775 597 2861 Neglegentiae
633 2797 710 2840 eum
744 2798 813 2840 non
845 2776 1022 2861 arguerim,
1057 2777 1216 2862 quoniam
1242 2801 1310 2866 spe-

103 2928 104 2932 =
146 2872 231 2959 ciem
254 2884 365 2958 istam,
404 2883 457 2947 cui
481 2904 591 2968 neque
615 2883 651 2947 in
674 2882 777 2947 Iliade
801 2904 911 2969 neque
934 2883 970 2946 in
994 2882 1143 2969 Odyssea
1168 2885 1311 2951 similem
1354 2920 1356 2923 ·

67 3004 73 3015 ·
145 2989 346 3068 inveniebat,
388 2988 431 3054 ad
467 2988 503 3053 id
540 2989 662 3075 ipsum,
703 2995 741 3054 ut
776 2990 928 3055 Minerva
967 3011 1044 3054 cum
1083 2991 1181 3056 Ulixe
1219 2994 1310 3078 apud

145 3098 311 3162 Phaeaces
352 3096 604 3182 colloqueretur,
644 3096 708 3162 sibi
746 3097 954 3181 excogitavit.
1017 3096 1166 3182 Apparet
1197 3106 1310 3165 autem

144 3210 260 3290 poetas
294 3203 421 3288 priscae
445 3204 562 3268 aetatis
586 3203 709 3270 divinis
732 3203 936 3282 hominibus,
972 3225 1039 3289 quo
1075 3205 1217 3271 termino
1248 3208 1309 3272 lor·

145 3333 229 3389 mae,
254 3331 338 3396 quas
362 3309 416 3375 dei
438 3309 594 3389 induunt,
627 3310 813 3399 significare
836 3309 942 3389 liceat,
975 3332 1152 3396 nunquam
1186 3319 1309 3379 temere

145 3417 280 3482 nomina
318 3416 488 3481 indidisse.
545 3417 647 3482 Velut
680 3417 717 3481 in
746 3415 838 3482 libris
861 3420 885 3493 β
907 3446 926 3500 y
949 3438 1033 3502 opus
1058 3423 1136 3496 erat,
1160 3425 1198 3482 ut
1220 3420 1309 3486 Tele-

145 3525 304 3590 machum
327 3523 574 3588 adulescentem
597 3545 709 3602 senex,
734 3542 881 3609 quocum
904 3544 985 3588 usus
1009 3524 1157 3609 quodam
1180 3531 1212 3590 et
1235 3549 1308 3592 con-

37 3652 42 3660 ·
145 3630 331 3696 suetudinis
354 3629 489 3696 vinculo
513 3631 714 3716 conjunctus
737 3636 817 3709 erat,
853 3630 1079 3710 comitaretur;
1116 3631 1152 3695 in
1183 3632 1266 3698 libro
1292 3640 1309 3715 ζ

144 3739 288 3803 amicam
310 3737 457 3801 maxime
485 3736 624 3802 decebat
646 3737 858 3815 Nausicaam,
894 3744 933 3801 ut
955 3737 1057 3802 lintea
1079 3738 1214 3817 lavaret,
1249 3740 1307 3806 im-

143 3845 278 3930 pellere.
336 3844 403 3908 Res
426 3843 528 3928 igitur
550 3842 686 3922 ferebat,
722 3851 767 3908 ut
782 3843 822 3908 de
845 3843 1040 3909 nominibus
1063 3866 1188 3921 eorum,
1224 3860 1308 3932 quos

144 3951 364 4016 Telemachus
388 3938 421 4014 et
441 3950 609 4015 Nausicaa
632 3951 781 4035 cognitos
804 3949 982 4030 habebant,
1008 3951 1118 4031 etiam,
1143 3954 1209 4037 qui
1225 3949 1307 4041 lege-

144 4058 235 4138 bant,
266 4057 384 4122 incerti
406 4079 476 4122 non
498 4057 774 4142 relinquerentur.
833 4057 878 4121 At
906 4057 943 4121 in
966 4057 1049 4122 libro
1072 4084 1090 4144 η
1114 4058 1205 4124 Ulixi
1228 4083 1306 4126 nau-

143 4167 238 4250 frago
262 4164 305 4229 ad
328 4164 476 4229 alienum
507 4163 585 4228 litus
610 4162 749 4248 depulso
782 4165 877 4249 virgo
912 4162 1078 4249 quaedam
1114 4164 1247 4232 obviam
1270 4169 1305 4247 it,

142 4293 267 4357 nempe
292 4270 332 4336 de
356 4271 491 4357 populo,
517 4271 575 4356 qui
598 4271 744 4335 insulam
768 4270 906 4355 habitat,
941 4270 1032 4356 quod
1055 4271 1191 4356 quidem
1215 4273 1307 4339 haud

145 4378 228 4445 levis
251 4378 413 4443 momenti
437 4385 495 4455 est,
525 4398 602 4442 cum
626 4376 667 4442 ab
690 4377 850 4463 indigena
873 4378 1002 4463 virgine
1026 4379 1150 4464 optime
1176 4378 1216 4445 de
1239 4402 1306 4446 mo·

46 4494 50 4502 “
143 4485 235 4552 ribus
274 4485 462 4565 hominum,
502 4505 587 4571 quos
625 4483 777 4550 aditurus
816 4491 874 4564 est,
914 4485 1032 4550 certior
1068 4486 1146 4549 fiat:
1188 4486 1305 4574 Neque

1131 4596 1147 4649 3
