3218 5332
690 299 909 365 ..10-

219 494 379 573 Minerva,
419 501 457 559 111
492 493 731 559 Telemachum
768 495 917 582 adjuvet,
956 498 993 561 in
1027 504 1169 583 utroque
1213 499 1284 563 loco
1317 523 1390 565 non

220 603 336 667 eadem
371 605 427 668 via
461 624 499 667 ac
534 604 660 667 ratione
695 605 808 667 utitur.
868 604 1022 689 Namque
1050 606 1086 668 in
1110 604 1193 670 libro
1218 635 1239 671 α
1264 607 1388 686 solum,

218 710 301 795 quid
325 711 367 774 sit
390 709 592 788 laciendum,
630 710 756 788 suadet,
794 712 828 774 in
853 710 944 776 libris
967 720 991 792 β
1013 740 1032 795 y
1056 719 1168 776 autem
1194 734 1261 776 non
1286 715 1391 780 modo

216 817 336 893 verbis,
369 817 427 882 sed
462 838 496 882 re
531 817 695 882 auxilium
729 819 801 897 fert,
835 839 913 882 cum
936 841 957 882 a
980 819 1151 883 Noemone
1183 842 1304 883 navem
1329 843 1385 885 cx-

218 925 333 1008 poscit,
358 925 463 989 socios
488 925 588 1009 eligit,
613 926 675 989 iter
698 946 801 1010 quam
825 927 970 1018 maxime
987 926 1156 991 accelerat.
1188 927 1279 991 Haec
1304 950 1388 993 vero

219 1031 417 1111 differentia,
452 1053 539 1117 quae
563 1033 670 1115 magis
694 1033 730 1095 in
752 1033 927 1117 utriusque
962 1034 1025 1098 loci
1048 1035 1254 1117 argumentis
1279 1056 1389 1118 quam

218 1139 252 1202 in
288 1160 399 1202 rerum
435 1139 627 1204 divinarum
651 1147 772 1203 natura
796 1140 904 1224 posita
926 1147 985 1219 cst,
1024 1140 1066 1204 ad
1102 1148 1251 1204 nostram
1287 1164 1390 1226 quae-

220 1246 361 1310 stionem
392 1245 644 1309 diiudicandam
668 1245 752 1309 nihil
776 1245 908 1311 videtur
930 1247 1049 1311 valere.
1093 1247 1265 1311 Praeterea
1288 1259 1391 1334 poeta

187 1416 191 1425 ,
217 1354 253 1416 11
279 1351 371 1419 libris
394 1359 418 1433 β
442 1379 460 1434 γ
484 1352 672 1417 Minervam
695 1352 948 1437 diligentissime
983 1376 1001 1418 e
1035 1355 1205 1439 proposito
1230 1363 1390 1439 agentem

218 1460 307 1538 facit,
331 1481 408 1523 cum
434 1459 518 1522 nihil
543 1460 782 1544 supervacanei
806 1459 917 1536 addat,
951 1461 1044 1537 nihil,
1079 1460 1271 1545 quodcum
1295 1464 1390 1530 Tele

217 1566 328 1629 machi
352 1565 563 1651 expeditione
598 1587 666 1630 non
690 1565 872 1631 cohaereat.
932 1567 976 1631 At
999 1568 1034 1630 in
1058 1567 1141 1632 libro
1175 1597 1196 1635 α
1221 1567 1392 1653 permulta

218 1680 424 1751 enarrantur,
463 1695 550 1758 quae
584 1672 628 1737 ad
651 1673 821 1738 Minervae
845 1674 1022 1738 consilium
1046 1676 1183 1739 omnino
1219 1698 1287 1740 nou
1317 1701 1390 1762 per-

217 1779 334 1857 tinent,
358 1780 463 1845 veluti
479 1780 647 1865 quomodo
665 1780 827 1858 Minerva,
846 1780 1076 1859 Telemachus
1090 1784 1180 1866 proci
1198 1784 1389 1868 epulentur,

217 1886 386 1971 quomodo
411 1888 500 1972 proci
525 1888 561 1951 in
585 1887 693 1953 Ulixis
717 1888 808 1971 regia
827 1885 866 1951 'se
890 1895 1015 1971 gerant,
1048 1889 1127 1952 satis
1159 1890 1298 1955 verbose
1335 1893 1390 1958 de-

218 1993 381 2071 scribitur,
406 1994 564 2082 atquede
581 1993 772 2058 Telemachi
797 1993 1003 2078 ingenuitate
1027 2016 1096 2059 non
1119 1997 1232 2060 minus
1256 2006 1389 2084 septen-

218 2099 325 2163 decim
361 2101 512 2166 versibus
548 2101 646 2178 satis,
675 2106 712 2163 ut
747 2100 888 2176 videtur,
925 2101 1390 2195 superfluis13(a{206-223)

217 2208 335 2291 agitur.
394 2207 473 2272 Huc
496 2207 633 2285 accedit,
659 2208 750 2292 quod
775 2208 904 2272 Mentes
928 2208 998 2292 ipse
1022 2209 1063 2272 de
1088 2209 1196 2289 rebus,
1233 2234 1320 2296 quae
1345 2217 1390 2280 ad

219 2315 291 2378 eius
326 2315 504 2379 consilium
539 2336 608 2379 non
644 2315 821 2399 pertinent,
857 2314 949 2379 velut
984 2315 1024 2379 de
1059 2316 1164 2401 ipsius
1188 2340 1332 2403 persona
1357 2331 1390 2387 et

217 2422 348 2506 origine
372 2421 406 2508 (a
434 2422 495 2486 179
520 2422 591 2507 sq),
628 2420 669 2486 de
704 2420 803 2485 rebus
837 2420 879 2485 ab
903 2421 1001 2487 Ulixe
1024 2431 1101 2487 ante
1125 2423 1250 2489 bellum
1273 2426 1389 2513 Troja-

219 2551 302 2593 num
325 2530 427 2614 gestis
452 2528 486 2616 (α
511 2527 670 2614 15311),
695 2529 802 2593 multa
819 2528 921 2594 verba
944 2530 1030 2593 facit.
1067 2530 1130 2595 Sed
1155 2532 1387 2610 haecomnia,

129 2714 133 2721 .
218 2657 305 2721 quae
329 2636 467 2721 quidem
504 2658 544 2701 cx
579 2637 693 2720 aliqua
722 2643 815 2721 parte
846 2658 923 2700 cum
947 2636 1062 2701 divina
1084 2646 1205 2704 natura
1228 2640 1390 2708 1111111111

217 2743 414 2828 discrepare,
454 2744 541 2808 inter
572 2742 746 2828 judicandi
780 2750 875 2808 notas
911 2739 1083 2808 referendi
1115 2752 1173 2811 tuo
1207 2749 1282 2831 jure
1317 2772 1389 2816 non

216 2850 396 2935 putaveris
430 2871 508 2915 cum
543 2851 579 2914 in
614 2848 725 2915 dubio·
740 2850 957 2935 relinquatur,
993 2859 1107 2915 utrum
1135 2853 1190 2917 hic
1213 2861 1326 2919 noster
1350 2866 1388 2922 ut

217 2958 408 3022 recentioris
443 2958 560 3043 aetatis
595 2963 693 3042 poeta
727 2958 833 3041 ipsius
868 2957 978 3022 indole
1007 2980 1087 3022 usus
1111 2980 1155 3023 an
1179 2961 1241 3025 loci
1265 2969 1388 3030 natura

216 3072 350 3130 coactus
374 3067 439 3130 ista
462 3065 657 3151 peccaverit.
718 3065 835 3129 Plures
866 3086 944 3129 vero
968 3064 1182 3145 differentias,
1219 3077 1387 3153 quantum

216 3172 388 3239 Minervae
415 3194 492 3238 cum
516 3171 710 3237 hominibus
735 3172 973 3237 commercium
996 3173 1122 3251 attinet,
1147 3175 1234 3240 inter
1250 3177 1386 3262 epipha-

216 3278 336 3343 niasa
359 3287 391 3344 et
413 3286 437 3360 β
460 3308 479 3362 y
502 3279 728 3364 inpraesenti
752 3278 903 3344 iuvenire
926 3279 1115 3365 nequimus.

307 3387 402 3463 Quae
437 3407 514 3451 cum
548 3387 595 3450 ita
629 3386 705 3466 sint,
735 3384 926 3451 eversibus
951 3416 972 3453 a
998 3388 1386 3468 9131311261-

216 3494 323 3577 7373
348 3493 548 3579 comparatis
583 3492 626 3558 ad
662 3494 869 3559 diversarum
904 3500 1052 3558 aetatum
1087 3516 1137 3558 res
1173 3494 1305 3562 divinas
1336 3522 1386 3564 10-

216 3601 424 3685 gnoscendas
464 3608 496 3667 et
536 3601 775 3686 disiungendas
814 3601 898 3665 nihil
926 3601 1107 3680 effecimus,
1147 3603 1307 3669 nimirum
1346 3629 1386 3672 ea

215 3695 362 3774 maxime
396 3709 437 3774 dc
472 3730 581 3787 causa,
617 3709 717 3794 quod,
754 3709 812 3793 qui
847 3708 970 3774 librum
1007 3738 1028 3775 α
1058 3710 1263 3791 conscripsit,
1302 3715 1383 3779 satis

216 3824 368 3882 accurate
402 3817 503 3882 libros
526 3823 550 3897 β
571 3847 591 3901 y
614 3817 763 3882 imitatus
788 3824 846 3881 est.
906 3815 971 3880 Sed
1003 3817 1066 3881 isto
1101 3826 1223 3882 conatu
1256 3820 1385 3886 frustra

216 3932 313 4010 capto
352 3946 419 3989 non
454 3924 618 4010 perterriti
652 3945 722 3988 rem
758 3923 868 3987 denuo
903 3924 1123 4009 experiamur,
1160 3947 1239 3989 cum
1277 3927 1384 3993 alium

215 4033 336 4110 locum,
355 4032 412 4116 qui
430 4031 517 4109 idom
536 4030 775 4096 recentioribus
792 4030 998 4116 tomporibus
1015 4040 1194 4117 conceptus
1212 4034 1384 4102 Minervae

215 4139 431 4225 epiphaniam
455 4139 632 4217 contineat,
664 4159 781 4203 verum
812 4139 846 4203 in
871 4137 970 4204 robus
985 4130 1074 4224 'ipsis
1099 4160 1177 4204 cum
1200 4148 1223 4221 β
1246 4168 1265 4221 γ
1289 4141 1383 4208 libris

216 4246 934 4342 11011011111111111,111111111101111111111.
995 4246 1094 4324 Quod
1130 4248 1157 4312 si
1194 4249 1381 4328 fecerimus
1468 4256 1472 4266 '

181 4368 187 4381 ’
215 4359 353 4420 tortasse
389 4353 579 4420 recentioris
614 4353 730 4418 aetatis
761 4352 872 4419 indole
896 4355 1083 4419 accuratius
1107 4364 1280 4439 perspecta
1315 4360 1383 4421 ani-

215 4484 337 4548 moque
361 4460 403 4526 ud
428 4460 591 4526 eiusmodi
615 4481 666 4525 ros
690 4459 938 4545 cognoscendas
971 4461 1079 4546 magis
1112 4469 1263 4540 exacuto
1281 4463 1382 4528 etiam
