3218 5332
783 334 1003 399 ,36-

276 547 282 554 ’
316 538 424 616 poeta,
460 531 518 614 qui
544 529 650 594 Ulixis
687 550 738 593 res
773 528 886 595 divino
922 528 1046 593 auxilio
1081 527 1172 592 haud
1207 527 1382 612 promovit,
1421 527 1482 590 tli-

316 659 456 703 nervam
479 658 551 701 sese
574 636 813 701 admiscentem
837 636 959 713 lecerit,
988 656 1065 700 cum
1088 656 1156 699 non
1180 635 1288 700 Ulixis
1311 633 1369 698 sed
1393 633 1482 697 alius

316 743 490 809 cuiusdam
530 744 692 808 rationem
729 742 875 807 haberet.
944 742 1010 806 Hic
1049 763 1127 808 vero
1175 741 1280 819 „alius
1297 730 1481 825 ‘quidam‘

317 850 590 936 quandoquidem
624 849 693 914 solo
723 849 764 914 de
793 849 891 914 Ulixe
915 849 1033 934 agitur,
1066 869 1165 913 nemo
1188 854 1390 933 potestesse
1414 846 1482 910 nisi

317 959 347 1022 ei
380 958 438 1042 qui
470 957 613 1021 audiunt
645 956 699 1022 vel
733 956 856 1040 legunt.
915 955 988 1020 Hos
1023 955 1123 1034 enim,
1157 955 1226 1041 qui,
1261 975 1338 1019 cum
1362 953 1484 1019 Ulixes

317 1071 409 1129 tanta
432 1085 509 1128 cum
533 1063 727 1128 liberalitate
752 1069 902 1148 receptus
926 1068 1020 1141 esset,
1045 1062 1141 1127 facile
1157 1062 1310 1126 animum
1325 1067 1483 1146 poterant

316 1171 473 1235 inducere
498 1193 575 1235 cum
599 1170 691 1234 omui
714 1170 861 1255 periculo
886 1177 1012 1234 remoto
1036 1169 1078 1234 ad
1102 1170 1227 1234 amicos
1242 1169 1404 1254 propitios
1429 1167 1484 1231 de-

317 1278 465 1355 vertisse,
501 1277 562 1342 hos
585 1277 755 1343 Minervae
782 1276 892 1342 verbis
924 1284 1022 1362 poeta
1056 1275 1310 1341 commonefecit
1333 1275 1483 1349 Ulixem,

317 1391 589 1470 quantacumque
624 1384 723 1448 luerit
757 1384 941 1448 Nausicaae
974 1384 1121 1458 comitas
1165 1383 1270 1447 nihilo
1299 1382 1408 1447 secius
1440 1381 1484 1446 de

316 1492 506 1556 Phaeacum
541 1512 619 1575 erga
654 1512 688 1555 se
722 1491 835 1554 animo
870 1491 961 1554 omni
997 1511 1077 1555 cura
1109 1496 1141 1554 et
1169 1488 1484 1574 periculominime

318 1616 452 1677 vacare3
488 1599 550 1676 vel,
587 1604 625 1662 ut
657 1598 799 1662 termino
828 1597 880 1662 his
908 1596 1113 1682 temporibus
1144 1602 1304 1681 usurpato
1332 1601 1482 1673 utamur,

317 1712 416 1790 poeta
440 1712 471 1770 et
495 1705 677 1789 legentium
710 1711 742 1769 et
766 1703 873 1770 Ulixis
908 1704 1116 1768 securitatem
1140 1702 1408 1788 ingeniosissime
1432 1723 1484 1779 eo,

316 1812 408 1898 quod
451 1833 513 1876 nos
555 1792 698 1876 dicimus
735 1811 1017 1889 „retardierendes
1052 1811 1221 1875 Moment“
1260 1808 1482 1896 perturbavit.

317 1919 415 1995 Quod
439 1918 482 1983 ad
505 1917 749 1983 conficiendum
783 1939 852 1982 non
887 1918 957 1982 sine
993 1917 1136 1983 sollertia
1159 1917 1348 1983 Minervam
1381 1915 1484 1981 deam

316 2026 477 2103 adhibuit,
513 2025 594 2110 quia
628 2025 743 2090 divina
779 2025 942 2110 sapientia
976 2025 1122 2089 maxime
1155 2024 1275 2089 idonea
1298 2031 1377 2102 erat,
1413 2045 1485 2108 qua

252 2174 257 2182 ·
316 2133 500 2197 Nausicaae
523 2132 605 2197 tides
628 2132 661 2212 (ζ
682 2132 754 2196 289.
774 2133 825 2210 90,
847 2132 1016 2219 310-12)
1040 2131 1304 2196 imminueretur.
1351 2129 1483 2194 Eodem

316 2261 394 2306 vero
418 2239 556 2304 artificio
580 2239 698 2316 effecit,
723 2244 761 2303 ut
784 2239 944 2317 Minerva,
979 2238 1032 2303 cui
1057 2260 1098 2303 ex
1120 2237 1253 2317 fabulae
1276 2236 1388 2302 indole
1412 2258 1484 2300 non

316 2346 443 2424 licebat,
468 2345 564 2410 utin
586 2345 840 2430 insequentibus
864 2345 956 2410 libris
980 2368 1014 2410 se
1038 2345 1243 2423 admisceret,
1274 2345 1337 2409 hoo
1362 2344 1483 2409 saltem

316 2452 397 2531 loco,
434 2452 492 2516 ubi
517 2452 632 2517 Ulixes
666 2459 873 2537 postremum
908 2473 1057 2517 errorum
1090 2452 1275 2537 periculum
1300 2458 1371 2517 erat
1393 2451 1483 2516 subi·

316 2567 426 2638 turus·
458 2559 529 2623 eius
552 2560 727 2624 fautricem
763 2580 797 2624 se
820 2565 1009 2644 praestaret.
1069 2559 1186 2644 Itaque
1220 2565 1319 2644 poeta
1341 2579 1411 2623 non
1434 2557 1484 2622 iu·

316 2673 390 2751 epte
421 2687 482 2731 uec
514 2672 647 2745 temere,
683 2665 741 2730 sed
775 2666 1043 2750 ingeniosissima
1077 2687 1154 2729 cum
1190 2671 1260 2731 arte
1292 2665 1485 2731 Minervam
1597 2749 1599 2754 .

316 2779 471 2857 agentem
505 2773 592 2850 lecit,
626 2772 716 2858 quod
751 2772 794 2837 ad
828 2778 1026 2857 argumenta
1061 2771 1188 2857 priscae
1227 2772 1353 2850 aetatis
1394 2793 1485 2856 quae

317 2901 419 2964 supra
442 2880 685 2958 constituimus,
710 2879 845 2944 accedit.
892 2879 968 2944 Nou
991 2878 1153 2943 habemus
1175 2879 1287 2964 igitur,
1323 2899 1382 2943 cur
1417 2880 1485 2964 epi·

317 2986 478 3071 phaniam
502 3015 520 3074 η
540 2987 665 3050 19-81
691 2992 728 3050 ut
750 2985 983 3071 interpolatam
1000 2986 1168 3063 eiciamus
1192 2986 1388 3070 praesertim
1403 3006 1485 3050 curn

318 3093 502 3157 Nausicaae
525 3093 635 3159 verbis
661 3090 691 3179 (ζ
714 3093 777 3157 289
802 3092 863 3179 sq.)
887 3093 1048 3158 instructa
1073 3099 1104 3157 et
1127 3100 1323 3178 praeparata
1347 3093 1397 3157 sit.

405 3200 579 3264 Praeterea
599 3200 633 3263 hi
649 3220 766 3266 versus
782 3199 872 3264 idem
889 3200 1069 3285 mysticum
1093 3199 1176 3264 illud
1193 3200 1365 3284 resipiunt,
1390 3199 1486 3285 quod

317 3307 352 3371 in
376 3305 518 3372 versibb.
545 3310 562 3385 ζ
588 3307 713 3370 13-47
738 3307 938 3372 invenimus.
998 3307 1131 3371 Etenim
1166 3306 1356 3371 miraculosi
1388 3307 1485 3392 quid-

318 3435 421 3499 quam
444 3414 543 3478 rebus
566 3413 661 3491 inest,
701 3413 727 3477 si
752 3413 904 3478 Minerva
927 3421 959 3478 et
983 3413 1097 3480 Ulixes
1130 3412 1260 3478 nebulis
1284 3413 1486 3478 circumdati

318 3542 377 3606 per
412 3519 529 3584 urbem
563 3520 718 3605 migrant,
755 3521 782 3585 si
815 3520 877 3585 dea
904 3520 1076 3585 hominem
1104 3520 1279 3585 mortalem
1310 3520 1485 3585 silentium

317 3649 414 3712 agere
438 3627 533 3712 jubet
555 3648 665 3712 neque
689 3648 895 3713 quemquam
918 3628 1074 3712 aspicere,
1110 3634 1284 3713 tamquam
1307 3627 1333 3692 si
1358 3627 1487 3693 nebula

317 3735 448 3818 magica
470 3733 649 3800 verborum
673 3734 783 3798 sonitu
807 3741 840 3798 et
862 3735 1035 3799 oculorum
1063 3733 1164 3799 radiis
1196 3755 1354 3827 percussa
1375 3735 1485 3799 occul-

318 3840 410 3905 tandi
433 3841 503 3906 vim
526 3840 696 3925 perditura
731 3842 789 3920 sit;
824 3847 856 3905 et
884 3841 939 3906 ille
971 3840 1058 3906 dicto
1082 3841 1222 3906 audiens
1253 3841 1319 3906 alto
1350 3840 1486 3906 silentio

319 3947 361 4011 ab
386 3946 466 4012 deae
490 3949 590 4012 latere
613 3947 746 4012 incedit.
802 3949 846 4013 Et
878 3948 940 4013 hac
964 3970 998 4013 re
1023 3948 1133 4013 denuo
1157 3947 1392 4033 comprobatur
1416 3948 1485 4032 epi-

319 4054 479 4139 phaniam
511 4055 662 4143 pprisca
685 4061 791 4119 aetate
822 4077 892 4120 esse
926 4061 1082 4120 coortam.
1141 4055 1229 4120 Nam
1264 4075 1342 4119 cum
1364 4054 1486 4119 Nausi-

319 4182 396 4225 caae
432 4161 601 4225 somnium
636 4161 799 4227 artissime
833 4162 1009 4227 'cohaereat
1042 4183 1119 4227 oum
1159 4161 1266 4228 Ulixis
1301 4183 1486 4247 congressu

319 4266 348 4353 (ζ
364 4267 555 4354 llo-316),
581 4268 644 4333 hoc
661 4275 773 4333 autem
790 4267 820 4355 (ζ
835 4271 896 4334 198
906 4270 967 4356 sq.)
992 4269 1161 4335 Minervae
1178 4290 1374 4354 congressus
1390 4290 1486 4354 prae-

319 4381 462 4459 paretur,
498 4381 598 4459 atque
622 4396 699 4439 curn
723 4376 897 4462 utriusque
932 4376 995 4440 loci
1030 4370 1213 4463 (5'13-47
1239 4383 1312 4465 etp
1340 4377 1487 4462 19-81)

319 4501 370 4547 res
394 4480 528 4549 divinae
552 4481 669 4547 eodem
692 4483 832 4570 mystico
848 4483 965 4563 colore,
990 4483 1050 4569 qui
1073 4464 1110 4549 in
1125 4483 1275 4572 Odyssea
1297 4483 1486 4550 admodum
