<?xml version="1.0" encoding="UTF-8"?>
<!DOCTYPE html PUBLIC "-//W3C//DTD XHTML 1.0 Transitional//EN"
    "http://www.w3.org/TR/xhtml1/DTD/xhtml1-transitional.dtd">
<html xmlns="http://www.w3.org/1999/xhtml" xml:lang="en" lang="en">
 <head>
  <title>
</title>
<meta http-equiv="Content-Type" content="text/html;charset=utf-8" />
  <meta name='ocr-system' content='tesseract 3.04.00' />
  <meta name='ocr-capabilities' content='ocr_page ocr_carea ocr_par ocr_line ocrx_word'/>
</head>
<body>
  <div class='ocr_page' id='page_1' title='image "./quomododeiinhom00diedgoog_0094.png"; bbox 0 0 3218 5332; ppageno 0'>
   <div class='ocr_carea' id='block_1_1' title="bbox 699 276 1062 417">
    <p class='ocr_par' dir='ltr' id='par_1_1' title="bbox 699 276 1062 417">
     <span class='ocr_line' id='line_1_1' title="bbox 699 276 1062 417; baseline -0.003 -25"><span class='ocrx_word' id='word_1_1' title='bbox 699 326 919 392; x_wconf 81' lang='lat' dir='ltr'>-aa-</span> <span class='ocrx_word' id='word_1_2' title='bbox 1046 276 1062 417; x_wconf 44' lang='lat' dir='ltr'>J</span> 
     </span>
    </p>
   </div>
   <div class='ocr_carea' id='block_1_2' title="bbox 136 522 1489 3707">
    <p class='ocr_par' dir='ltr' id='par_1_2' title="bbox 136 522 1489 3707">
     <span class='ocr_line' id='line_1_2' title="bbox 228 522 1392 612; baseline 0.005 -26"><span class='ocrx_word' id='word_1_3' title='bbox 228 527 346 608; x_wconf 91' lang='lat' dir='ltr'>poetae</span> <span class='ocrx_word' id='word_1_4' title='bbox 370 522 554 587; x_wconf 84' lang='lat' dir='ltr'><strong>maximam</strong></span> <span class='ocrx_word' id='word_1_5' title='bbox 577 526 707 607; x_wconf 90' lang='lat' dir='ltr'>partem</span> <span class='ocrx_word' id='word_1_6' title='bbox 730 523 948 601; x_wconf 85' lang='lat' dir='ltr'>retinuerunt,</span> <span class='ocrx_word' id='word_1_7' title='bbox 984 545 1061 589; x_wconf 91' lang='lat' dir='ltr'>cum</span> <span class='ocrx_word' id='word_1_8' title='bbox 1094 523 1175 590; x_wconf 90' lang='lat' dir='ltr'>deos</span> <span class='ocrx_word' id='word_1_9' title='bbox 1203 525 1392 612; x_wconf 85' lang='lat' dir='ltr'>insignibus</span> 
     </span>
     <span class='ocr_line' id='line_1_3' title="bbox 227 628 1393 700; baseline 0.007 -8"><span class='ocrx_word' id='word_1_10' title='bbox 227 629 310 693; x_wconf 86' lang='lat' dir='ltr'>locis</span> <span class='ocrx_word' id='word_1_11' title='bbox 344 628 379 693; x_wconf 83' lang='lat' dir='ltr'>iri</span> <span class='ocrx_word' id='word_1_12' title='bbox 413 635 535 694; x_wconf 85' lang='lat' dir='ltr'>terram</span> <span class='ocrx_word' id='word_1_13' title='bbox 571 628 808 694; x_wconf 81' lang='lat' dir='ltr'>descendentes</span> <span class='ocrx_word' id='word_1_14' title='bbox 852 631 1008 695; x_wconf 83' lang='lat' dir='ltr'>lacerent.</span> <span class='ocrx_word' id='word_1_15' title='bbox 1075 630 1140 696; x_wconf 84' lang='lat' dir='ltr'>Sed</span> <span class='ocrx_word' id='word_1_16' title='bbox 1173 632 1393 700; x_wconf 86' lang='lat' dir='ltr'>nihilominus</span> 
     </span>
     <span class='ocr_line' id='line_1_4' title="bbox 226 731 1391 819; baseline 0.005 -19"><span class='ocrx_word' id='word_1_17' title='bbox 226 731 381 800; x_wconf 76' lang='lat' dir='ltr'>nonnulli</span> <span class='ocrx_word' id='word_1_18' title='bbox 405 742 537 801; x_wconf 83' lang='lat' dir='ltr'>exstant</span> <span class='ocrx_word' id='word_1_19' title='bbox 559 735 632 814; x_wconf 85' lang='lat' dir='ltr'>loci,</span> <span class='ocrx_word' id='word_1_20' title='bbox 655 735 714 800; x_wconf 92' lang='lat' dir='ltr'>ubi</span> <span class='ocrx_word' id='word_1_21' title='bbox 744 735 798 801; x_wconf 90' lang='lat' dir='ltr'>dei</span> <span class='ocrx_word' id='word_1_22' title='bbox 821 736 991 802; x_wconf 85' lang='lat' dir='ltr'>vilissimis</span> <span class='ocrx_word' id='word_1_23' title='bbox 1014 737 1113 802; x_wconf 90' lang='lat' dir='ltr'>rebus</span> <span class='ocrx_word' id='word_1_24' title='bbox 1138 760 1172 803; x_wconf 88' lang='lat' dir='ltr'>se</span> <span class='ocrx_word' id='word_1_25' title='bbox 1195 739 1391 819; x_wconf 79' lang='lat' dir='ltr'>admiscent,</span> 
     </span>
     <span class='ocr_line' id='line_1_5' title="bbox 227 843 1393 928; baseline 0.004 -21"><span class='ocrx_word' id='word_1_26' title='bbox 227 864 297 928; x_wconf 87' lang='lat' dir='ltr'>qua</span> <span class='ocrx_word' id='word_1_27' title='bbox 330 864 365 907; x_wconf 93' lang='lat' dir='ltr'>re</span> <span class='ocrx_word' id='word_1_28' title='bbox 404 843 626 908; x_wconf 85' lang='lat' dir='ltr'>recentiorum</span> <span class='ocrx_word' id='word_1_29' title='bbox 662 848 852 927; x_wconf 85' lang='lat' dir='ltr'>temporum</span> <span class='ocrx_word' id='word_1_30' title='bbox 893 844 1102 928; x_wconf 80' lang='lat' dir='ltr'>neglegentia</span> <span class='ocrx_word' id='word_1_31' title='bbox 1144 846 1322 912; x_wconf 77' lang='lat' dir='ltr'>manifesta</span> <span class='ocrx_word' id='word_1_32' title='bbox 1356 848 1393 911; x_wconf 90' lang='lat' dir='ltr'>fit</span> 
     </span>
     <span class='ocr_line' id='line_1_6' title="bbox 228 947 564 1036; baseline -0.012 -19"><span class='ocrx_word' id='word_1_33' title='bbox 228 947 278 1035; x_wconf 68' lang='grc' dir='ltr'>(θ,</span> <span class='ocrx_word' id='word_1_34' title='bbox 303 971 324 1016; x_wconf 82' lang='lat' dir='ltr'>o</span> <span class='ocrx_word' id='word_1_35' title='bbox 345 971 400 1036; x_wconf 83' lang='lat' dir='ltr'>pg.</span> <span class='ocrx_word' id='word_1_36' title='bbox 426 950 475 1014; x_wconf 80' lang='lat'>73.</span> <span class='ocrx_word' id='word_1_37' title='bbox 503 949 564 1036; x_wconf 79' lang='lat'><strong>79).</strong></span> 
     </span>
     <span class='ocr_line' id='line_1_7' title="bbox 316 1057 1391 1144; baseline 0.002 -20"><span class='ocrx_word' id='word_1_38' title='bbox 316 1059 604 1125; x_wconf 72' lang='lat' dir='ltr'>visceratione</span> <span class='ocrx_word' id='word_1_39' title='bbox 639 1057 692 1122; x_wconf 90' lang='lat' dir='ltr'>dei</span> <span class='ocrx_word' id='word_1_40' title='bbox 727 1059 843 1144; x_wconf 83' lang='lat' dir='ltr'>priscis</span> <span class='ocrx_word' id='word_1_41' title='bbox 874 1058 1080 1143; x_wconf 91' lang='lat' dir='ltr'>temporibus</span> <span class='ocrx_word' id='word_1_42' title='bbox 1114 1081 1201 1144; x_wconf 89' lang='lat' dir='ltr'>quae</span> <span class='ocrx_word' id='word_1_43' title='bbox 1234 1059 1297 1125; x_wconf 91' lang='lat' dir='ltr'>sibi</span> <span class='ocrx_word' id='word_1_44' title='bbox 1320 1083 1391 1139; x_wconf 84' lang='lat' dir='ltr'>nro-</span> 
     </span>
     <span class='ocr_line' id='line_1_8' title="bbox 227 1164 1391 1253; baseline 0.004 -25"><span class='ocrx_word' id='word_1_45' title='bbox 227 1170 431 1250; x_wconf 83' lang='lat' dir='ltr'>posuerunt,</span> <span class='ocrx_word' id='word_1_46' title='bbox 469 1171 707 1250; x_wconf 80' lang='lat' dir='ltr'>exsequuntur,</span> <span class='ocrx_word' id='word_1_47' title='bbox 743 1164 777 1251; x_wconf 76' lang='grc' dir='ltr'>(β</span> <span class='ocrx_word' id='word_1_48' title='bbox 798 1195 828 1249; x_wconf 82' lang='lat' dir='ltr'>y,</span> <span class='ocrx_word' id='word_1_49' title='bbox 863 1170 889 1244; x_wconf 85' lang='grc' dir='ltr'>ζ,</span> <span class='ocrx_word' id='word_1_50' title='bbox 914 1195 942 1253; x_wconf 79' lang='grc' dir='ltr'>η,</span> <span class='ocrx_word' id='word_1_51' title='bbox 967 1195 986 1232; x_wconf 78' lang='grc' dir='ltr'><strong><em>κ</em></strong></span> <span class='ocrx_word' id='word_1_52' title='bbox 1011 1165 1081 1252; x_wconf 86' lang='grc' dir='ltr'><strong>[α]);</strong></span> <span class='ocrx_word' id='word_1_53' title='bbox 1117 1172 1242 1251; x_wconf 86' lang='lat' dir='ltr'>postea,</span> <span class='ocrx_word' id='word_1_54' title='bbox 1278 1189 1391 1252; x_wconf 90' lang='lat' dir='ltr'>quam-</span> 
     </span>
     <span class='ocr_line' id='line_1_9' title="bbox 227 1269 1391 1358; baseline 0.003 -23"><span class='ocrx_word' id='word_1_55' title='bbox 227 1293 331 1356; x_wconf 91' lang='lat' dir='ltr'>quam</span> <span class='ocrx_word' id='word_1_56' title='bbox 355 1277 483 1336; x_wconf 89' lang='lat' dir='ltr'>certum</span> <span class='ocrx_word' id='word_1_57' title='bbox 506 1269 687 1336; x_wconf 91' lang='lat' dir='ltr'>intendunt</span> <span class='ocrx_word' id='word_1_58' title='bbox 709 1273 820 1350; x_wconf 83' lang='lat' dir='ltr'>finem,</span> <span class='ocrx_word' id='word_1_59' title='bbox 852 1278 965 1337; x_wconf 90' lang='lat' dir='ltr'>tamen</span> <span class='ocrx_word' id='word_1_60' title='bbox 989 1293 1066 1336; x_wconf 91' lang='lat' dir='ltr'>cum</span> <span class='ocrx_word' id='word_1_61' title='bbox 1089 1274 1298 1358; x_wconf 89' lang='lat' dir='ltr'>propositum</span> <span class='ocrx_word' id='word_1_62' title='bbox 1322 1296 1391 1340; x_wconf 91' lang='lat' dir='ltr'>non</span> 
     </span>
     <span class='ocr_line' id='line_1_10' title="bbox 227 1375 1373 1464; baseline 0.002 -21"><span class='ocrx_word' id='word_1_63' title='bbox 227 1384 361 1443; x_wconf 90' lang='lat' dir='ltr'>strenue</span> <span class='ocrx_word' id='word_1_64' title='bbox 384 1375 572 1462; x_wconf 86' lang='lat' dir='ltr'>respiciant,</span> <span class='ocrx_word' id='word_1_65' title='bbox 608 1400 676 1442; x_wconf 91' lang='lat' dir='ltr'>non</span> <span class='ocrx_word' id='word_1_66' title='bbox 700 1400 774 1443; x_wconf 91' lang='lat' dir='ltr'>raro</span> <span class='ocrx_word' id='word_1_67' title='bbox 808 1384 901 1442; x_wconf 83' lang='lat' dir='ltr'>extra</span> <span class='ocrx_word' id='word_1_68' title='bbox 924 1399 993 1442; x_wconf 90' lang='lat' dir='ltr'>rem</span> <span class='ocrx_word' id='word_1_69' title='bbox 1017 1379 1202 1464; x_wconf 90' lang='lat' dir='ltr'>loquuntur</span> <span class='ocrx_word' id='word_1_70' title='bbox 1230 1386 1288 1445; x_wconf 91' lang='lat' dir='ltr'>aut</span> <span class='ocrx_word' id='word_1_71' title='bbox 1311 1381 1373 1448; x_wconf 87' lang='lat' dir='ltr'>sati</span> 
     </span>
     <span class='ocr_line' id='line_1_11' title="bbox 227 1482 1390 1572; baseline 0.003 -22"><span class='ocrx_word' id='word_1_72' title='bbox 227 1491 378 1550; x_wconf 85' lang='lat' dir='ltr'>contorta</span> <span class='ocrx_word' id='word_1_73' title='bbox 404 1505 443 1549; x_wconf 88' lang='lat' dir='ltr'>ac</span> <span class='ocrx_word' id='word_1_74' title='bbox 485 1484 646 1568; x_wconf 85' lang='lat' dir='ltr'>singulari</span> <span class='ocrx_word' id='word_1_75' title='bbox 676 1485 732 1551; x_wconf 90' lang='lat' dir='ltr'>via</span> <span class='ocrx_word' id='word_1_76' title='bbox 767 1484 953 1571; x_wconf 89' lang='lat' dir='ltr'>procedunt</span> <span class='ocrx_word' id='word_1_77' title='bbox 988 1482 1027 1571; x_wconf 82' lang='grc' dir='ltr'>(ν.</span> <span class='ocrx_word' id='word_1_78' title='bbox 1065 1514 1099 1554; x_wconf 85' lang='grc' dir='ltr'>π.</span> <span class='ocrx_word' id='word_1_79' title='bbox 1132 1507 1186 1570; x_wconf 88' lang='lat' dir='ltr'>pg.</span> <span class='ocrx_word' id='word_1_80' title='bbox 1220 1488 1293 1571; x_wconf 76' lang='grc' dir='ltr'>τ’)9);</span> <span class='ocrx_word' id='word_1_81' title='bbox 1336 1509 1390 1572; x_wconf 92' lang='lat' dir='ltr'>po·</span> 
     </span>
     <span class='ocr_line' id='line_1_12' title="bbox 229 1591 1390 1678; baseline 0.002 -21"><span class='ocrx_word' id='word_1_82' title='bbox 229 1599 352 1657; x_wconf 88' lang='lat' dir='ltr'>stremc</span> <span class='ocrx_word' id='word_1_83' title='bbox 376 1592 423 1656; x_wconf 85' lang='lat' dir='ltr'>ita</span> <span class='ocrx_word' id='word_1_84' title='bbox 445 1591 557 1676; x_wconf 91' lang='lat' dir='ltr'>inepte</span> <span class='ocrx_word' id='word_1_85' title='bbox 581 1597 614 1656; x_wconf 89' lang='lat' dir='ltr'>et</span> <span class='ocrx_word' id='word_1_86' title='bbox 636 1613 790 1677; x_wconf 86' lang='lat' dir='ltr'>perverse</span> <span class='ocrx_word' id='word_1_87' title='bbox 814 1614 848 1656; x_wconf 91' lang='lat' dir='ltr'>se</span> <span class='ocrx_word' id='word_1_88' title='bbox 872 1597 1002 1677; x_wconf 78' lang='lat' dir='ltr'>gerunt,</span> <span class='ocrx_word' id='word_1_89' title='bbox 1027 1597 1067 1656; x_wconf 88' lang='lat' dir='ltr'>ut</span> <span class='ocrx_word' id='word_1_90' title='bbox 1087 1593 1214 1678; x_wconf 91' lang='lat' dir='ltr'>optimo</span> <span class='ocrx_word' id='word_1_91' title='bbox 1237 1594 1309 1659; x_wconf 91' lang='lat' dir='ltr'>iure</span> <span class='ocrx_word' id='word_1_92' title='bbox 1332 1595 1390 1659; x_wconf 92' lang='lat' dir='ltr'>mi-</span> 
     </span>
     <span class='ocr_line' id='line_1_13' title="bbox 228 1697 1388 1788; baseline 0.003 -26"><span class='ocrx_word' id='word_1_93' title='bbox 228 1699 320 1777; x_wconf 83' lang='lat' dir='ltr'>reris,</span> <span class='ocrx_word' id='word_1_94' title='bbox 346 1697 437 1784; x_wconf 93' lang='lat' dir='ltr'>quod</span> <span class='ocrx_word' id='word_1_95' title='bbox 460 1697 597 1762; x_wconf 92' lang='lat' dir='ltr'>omnino</span> <span class='ocrx_word' id='word_1_96' title='bbox 621 1699 792 1784; x_wconf 84' lang='lat' dir='ltr'>proposita</span> <span class='ocrx_word' id='word_1_97' title='bbox 814 1705 1067 1784; x_wconf 90' lang='lat' dir='ltr'>consequuntur</span> <span class='ocrx_word' id='word_1_98' title='bbox 1095 1698 1130 1786; x_wconf 87' lang='grc' dir='ltr'>(ω</span> <span class='ocrx_word' id='word_1_99' title='bbox 1154 1723 1208 1785; x_wconf 88' lang='lat' dir='ltr'>pg.</span> <span class='ocrx_word' id='word_1_100' title='bbox 1236 1700 1296 1788; x_wconf 76' lang='lat'>17),</span> <span class='ocrx_word' id='word_1_101' title='bbox 1321 1708 1388 1780; x_wconf 83' lang='lat' dir='ltr'>aut,</span> 
     </span>
     <span class='ocr_line' id='line_1_14' title="bbox 227 1804 1387 1893; baseline 0.002 -23"><span class='ocrx_word' id='word_1_102' title='bbox 227 1826 314 1891; x_wconf 90' lang='lat' dir='ltr'>quae</span> <span class='ocrx_word' id='word_1_103' title='bbox 327 1804 389 1870; x_wconf 89' lang='lat' dir='ltr'>sibi</span> <span class='ocrx_word' id='word_1_104' title='bbox 401 1812 655 1890; x_wconf 79' lang='lat' dir='ltr'>proposuerunt,</span> <span class='ocrx_word' id='word_1_105' title='bbox 674 1806 812 1870; x_wconf 91' lang='lat' dir='ltr'>omnino</span> <span class='ocrx_word' id='word_1_106' title='bbox 824 1827 892 1870; x_wconf 91' lang='lat' dir='ltr'>non</span> <span class='ocrx_word' id='word_1_107' title='bbox 898 1806 1075 1890; x_wconf 87' lang='lat' dir='ltr'>perficiunt</span> <span class='ocrx_word' id='word_1_108' title='bbox 1086 1804 1134 1892; x_wconf 71' lang='grc' dir='ltr'>(θ.</span> <span class='ocrx_word' id='word_1_109' title='bbox 1141 1836 1169 1893; x_wconf 83' lang='grc' dir='ltr'>χ.</span> <span class='ocrx_word' id='word_1_110' title='bbox 1181 1829 1236 1893; x_wconf 89' lang='lat' dir='ltr'>pg.</span> <span class='ocrx_word' id='word_1_111' title='bbox 1252 1808 1302 1872; x_wconf 81' lang='lat'>74.</span> <span class='ocrx_word' id='word_1_112' title='bbox 1313 1809 1387 1892; x_wconf 62' lang='grc'>28.)</span> 
     </span>
     <span class='ocr_line' id='line_1_15' title="bbox 315 1914 1464 1998; baseline 0.001 -19"><span class='ocrx_word' id='word_1_113' title='bbox 315 1914 500 1980; x_wconf 81' lang='lat' dir='ltr'>Rationem</span> <span class='ocrx_word' id='word_1_114' title='bbox 532 1933 620 1991; x_wconf 84' lang='lat' dir='ltr'>vere,</span> <span class='ocrx_word' id='word_1_115' title='bbox 645 1933 714 1995; x_wconf 87' lang='lat' dir='ltr'>qua</span> <span class='ocrx_word' id='word_1_116' title='bbox 736 1933 816 1980; x_wconf 91' lang='lat' dir='ltr'>cum</span> <span class='ocrx_word' id='word_1_117' title='bbox 838 1914 1043 1980; x_wconf 85' lang='lat' dir='ltr'>hominibus</span> <span class='ocrx_word' id='word_1_118' title='bbox 1066 1916 1327 1997; x_wconf 82' lang='lat' dir='ltr'>colloquuntur,</span> <span class='ocrx_word' id='word_1_119' title='bbox 1362 1917 1389 1980; x_wconf 90' lang='lat' dir='ltr'>si</span> <span class='ocrx_word' id='word_1_120' title='bbox 1462 1993 1464 1998; x_wconf 15' lang='grc' dir='ltr'><em>Α</em></span> 
     </span>
     <span class='ocr_line' id='line_1_16' title="bbox 227 2018 1388 2105; baseline 0.002 -21"><span class='ocrx_word' id='word_1_121' title='bbox 227 2019 373 2104; x_wconf 83' lang='lat' dir='ltr'>respicis,</span> <span class='ocrx_word' id='word_1_122' title='bbox 399 2018 516 2103; x_wconf 89' lang='lat' dir='ltr'>priscis</span> <span class='ocrx_word' id='word_1_123' title='bbox 539 2018 745 2104; x_wconf 88' lang='lat' dir='ltr'>temporibus</span> <span class='ocrx_word' id='word_1_124' title='bbox 769 2018 819 2082; x_wconf 91' lang='lat' dir='ltr'>dei</span> <span class='ocrx_word' id='word_1_125' title='bbox 845 2040 923 2084; x_wconf 91' lang='lat' dir='ltr'>cum</span> <span class='ocrx_word' id='word_1_126' title='bbox 946 2018 1142 2084; x_wconf 90' lang='lat' dir='ltr'>mortalibus</span> <span class='ocrx_word' id='word_1_127' title='bbox 1165 2043 1388 2105; x_wconf 90' lang='lat' dir='ltr'>magnacum</span> 
     </span>
     <span class='ocr_line' id='line_1_17' title="bbox 225 2125 1398 2210; baseline 0.003 -19"><span class='ocrx_word' id='word_1_128' title='bbox 225 2126 430 2203; x_wconf 80' lang='lat' dir='ltr'>auctoritate,</span> <span class='ocrx_word' id='word_1_129' title='bbox 455 2126 509 2190; x_wconf 90' lang='grc'>001</span> <span class='ocrx_word' id='word_1_130' title='bbox 533 2125 669 2210; x_wconf 90' lang='lat' dir='ltr'>quidem</span> <span class='ocrx_word' id='word_1_131' title='bbox 693 2126 831 2191; x_wconf 89' lang='lat' dir='ltr'>comitas</span> <span class='ocrx_word' id='word_1_132' title='bbox 855 2147 924 2190; x_wconf 90' lang='lat' dir='ltr'>non</span> <span class='ocrx_word' id='word_1_133' title='bbox 947 2125 1048 2205; x_wconf 87' lang='lat' dir='ltr'>deest,</span> <span class='ocrx_word' id='word_1_134' title='bbox 1073 2128 1310 2192; x_wconf 87' lang='lat' dir='ltr'>commercium</span> <span class='ocrx_word' id='word_1_135' title='bbox 1344 2131 1398 2195; x_wconf 69' lang='lat' dir='ltr'>la-v</span> 
     </span>
     <span class='ocr_line' id='line_1_18' title="bbox 226 2231 1386 2320; baseline 0.002 -22"><span class='ocrx_word' id='word_1_136' title='bbox 226 2234 320 2298; x_wconf 89' lang='lat' dir='ltr'>ciunt</span> <span class='ocrx_word' id='word_1_137' title='bbox 342 2231 403 2318; x_wconf 76' lang='grc' dir='ltr'>(βγ.</span> <span class='ocrx_word' id='word_1_138' title='bbox 420 2237 446 2312; x_wconf 89' lang='grc' dir='ltr'>ζ.</span> <span class='ocrx_word' id='word_1_139' title='bbox 464 2262 491 2320; x_wconf 83' lang='grc' dir='ltr'>η.</span> <span class='ocrx_word' id='word_1_140' title='bbox 510 2263 537 2300; x_wconf 88' lang='grc' dir='ltr'>κ.</span> <span class='ocrx_word' id='word_1_141' title='bbox 565 2232 638 2318; x_wconf 78' lang='lat' dir='ltr'>[al);</span> <span class='ocrx_word' id='word_1_142' title='bbox 663 2232 722 2297; x_wconf 91' lang='lat' dir='ltr'>sed</span> <span class='ocrx_word' id='word_1_143' title='bbox 738 2254 816 2298; x_wconf 91' lang='lat' dir='ltr'>cum</span> <span class='ocrx_word' id='word_1_144' title='bbox 832 2233 1152 2298; x_wconf 87' lang='lat' dir='ltr'>auctoritas-sensim</span> <span class='ocrx_word' id='word_1_145' title='bbox 1168 2233 1386 2315; x_wconf 80' lang='lat' dir='ltr'>diminuatur,</span> 
     </span>
     <span class='ocr_line' id='line_1_19' title="bbox 136 2339 1388 2426; baseline 0.002 -21"><span class='ocrx_word' id='word_1_146' title='bbox 136 2377 137 2380; x_wconf 16' lang='grc' dir='ltr'><strong>κ</strong></span> <span class='ocrx_word' id='word_1_147' title='bbox 226 2341 366 2405; x_wconf 90' lang='lat' dir='ltr'>comitas</span> <span class='ocrx_word' id='word_1_148' title='bbox 389 2340 497 2424; x_wconf 89' lang='lat' dir='ltr'>magis</span> <span class='ocrx_word' id='word_1_149' title='bbox 520 2340 694 2424; x_wconf 87' lang='lat' dir='ltr'>magisque</span> <span class='ocrx_word' id='word_1_150' title='bbox 718 2346 860 2424; x_wconf 87' lang='lat' dir='ltr'>augetur</span> <span class='ocrx_word' id='word_1_151' title='bbox 881 2339 923 2425; x_wconf 80' lang='lat' dir='ltr'>(v.</span> <span class='ocrx_word' id='word_1_152' title='bbox 950 2367 984 2407; x_wconf 84' lang='grc' dir='ltr'>π.</span> <span class='ocrx_word' id='word_1_153' title='bbox 1011 2346 1052 2423; x_wconf 78' lang='lat' dir='ltr'>o),</span> <span class='ocrx_word' id='word_1_154' title='bbox 1077 2339 1183 2405; x_wconf 91' lang='lat' dir='ltr'>donec</span> <span class='ocrx_word' id='word_1_155' title='bbox 1206 2362 1244 2405; x_wconf 91' lang='grc'>00</span> <span class='ocrx_word' id='word_1_156' title='bbox 1276 2363 1388 2426; x_wconf 89' lang='lat' dir='ltr'>perve-</span> 
     </span>
     <span class='ocr_line' id='line_1_20' title="bbox 225 2446 1388 2532; baseline 0.002 -20"><span class='ocrx_word' id='word_1_157' title='bbox 225 2448 334 2525; x_wconf 83' lang='lat' dir='ltr'>niunt,</span> <span class='ocrx_word' id='word_1_158' title='bbox 359 2454 396 2511; x_wconf 93' lang='lat' dir='ltr'>ut</span> <span class='ocrx_word' id='word_1_159' title='bbox 419 2446 612 2510; x_wconf 90' lang='lat' dir='ltr'>hominibus</span> <span class='ocrx_word' id='word_1_160' title='bbox 635 2446 843 2511; x_wconf 73' lang='lat' dir='ltr'>familiariter</span> <span class='ocrx_word' id='word_1_161' title='bbox 865 2452 1037 2532; x_wconf 89' lang='lat' dir='ltr'>tamquam</span> <span class='ocrx_word' id='word_1_162' title='bbox 1073 2446 1189 2512; x_wconf 90' lang='lat' dir='ltr'>amicis</span> <span class='ocrx_word' id='word_1_163' title='bbox 1224 2454 1257 2512; x_wconf 91' lang='lat' dir='ltr'>et</span> <span class='ocrx_word' id='word_1_164' title='bbox 1290 2450 1388 2514; x_wconf 88' lang='lat' dir='ltr'>sociis</span> 
     </span>
     <span class='ocr_line' id='line_1_21' title="bbox 224 2553 1385 2641; baseline 0.002 -23"><span class='ocrx_word' id='word_1_165' title='bbox 224 2558 544 2638; x_wconf 74' lang='lat' dir='ltr'>utanturipsorum</span> <span class='ocrx_word' id='word_1_166' title='bbox 568 2553 683 2619; x_wconf 80' lang='lat' dir='ltr'>divina</span> <span class='ocrx_word' id='word_1_167' title='bbox 705 2553 900 2618; x_wconf 88' lang='lat' dir='ltr'>auctoritate</span> <span class='ocrx_word' id='word_1_168' title='bbox 916 2575 1051 2638; x_wconf 90' lang='lat' dir='ltr'>prorsus</span> <span class='ocrx_word' id='word_1_169' title='bbox 1074 2554 1225 2637; x_wconf 88' lang='lat' dir='ltr'>neglecta</span> <span class='ocrx_word' id='word_1_170' title='bbox 1240 2553 1277 2641; x_wconf 84' lang='grc' dir='ltr'>(ο.</span> <span class='ocrx_word' id='word_1_171' title='bbox 1291 2584 1320 2641; x_wconf 86' lang='grc' dir='ltr'>χ.</span> <span class='ocrx_word' id='word_1_172' title='bbox 1340 2560 1385 2638; x_wconf 80' lang='grc' dir='ltr'>ω).</span> 
     </span>
     <span class='ocr_line' id='line_1_22' title="bbox 312 2641 1489 2745; baseline 0.005 -20"><span class='ocrx_word' id='word_1_173' title='bbox 312 2660 405 2726; x_wconf 80' lang='lat' dir='ltr'>idem</span> <span class='ocrx_word' id='word_1_174' title='bbox 429 2660 465 2724; x_wconf 90' lang='lat' dir='ltr'>in</span> <span class='ocrx_word' id='word_1_175' title='bbox 487 2662 638 2740; x_wconf 85' lang='lat' dir='ltr'>ratione,</span> <span class='ocrx_word' id='word_1_176' title='bbox 661 2681 729 2744; x_wconf 88' lang='lat' dir='ltr'>qua</span> <span class='ocrx_word' id='word_1_177' title='bbox 752 2663 913 2729; x_wconf 86' lang='lat' dir='ltr'>homines</span> <span class='ocrx_word' id='word_1_178' title='bbox 930 2681 1008 2728; x_wconf 85' lang='lat' dir='ltr'>cum</span> <span class='ocrx_word' id='word_1_179' title='bbox 1030 2661 1104 2729; x_wconf 85' lang='lat' dir='ltr'>deis</span> <span class='ocrx_word' id='word_1_180' title='bbox 1126 2663 1388 2745; x_wconf 89' lang='lat' dir='ltr'>colloquuntur,</span> <span class='ocrx_word' id='word_1_181' title='bbox 1484 2641 1489 2652; x_wconf 45' lang='lat'>⁸</span> 
     </span>
     <span class='ocr_line' id='line_1_23' title="bbox 224 2766 1387 2853; baseline 0.003 -20"><span class='ocrx_word' id='word_1_182' title='bbox 224 2768 427 2834; x_wconf 88' lang='lat' dir='ltr'>observatur.</span> <span class='ocrx_word' id='word_1_183' title='bbox 476 2767 589 2831; x_wconf 90' lang='lat' dir='ltr'>Prisca</span> <span class='ocrx_word' id='word_1_184' title='bbox 612 2768 701 2832; x_wconf 89' lang='lat' dir='ltr'>enim</span> <span class='ocrx_word' id='word_1_185' title='bbox 729 2766 839 2832; x_wconf 77' lang='lat' dir='ltr'>aetate</span> <span class='ocrx_word' id='word_1_186' title='bbox 870 2789 948 2832; x_wconf 92' lang='lat' dir='ltr'>cum</span> <span class='ocrx_word' id='word_1_187' title='bbox 981 2767 1038 2853; x_wconf 89' lang='lat' dir='ltr'>pia</span> <span class='ocrx_word' id='word_1_188' title='bbox 1060 2768 1273 2833; x_wconf 90' lang='lat' dir='ltr'>veneratione</span> <span class='ocrx_word' id='word_1_189' title='bbox 1309 2770 1387 2837; x_wconf 89' lang='lat' dir='ltr'>deos</span> 
     </span>
     <span class='ocr_line' id='line_1_24' title="bbox 223 2872 1387 2971; baseline 0 -29"><span class='ocrx_word' id='word_1_190' title='bbox 223 2876 277 2942; x_wconf 91' lang='lat' dir='ltr'>vel</span> <span class='ocrx_word' id='word_1_191' title='bbox 300 2874 486 2960; x_wconf 86' lang='lat' dir='ltr'>incognitos</span> <span class='ocrx_word' id='word_1_192' title='bbox 503 2872 731 2959; x_wconf 88' lang='lat' dir='ltr'>adloquuntur</span> <span class='ocrx_word' id='word_1_193' title='bbox 746 2873 799 2963; x_wconf 79' lang='grc' dir='ltr'>(η),</span> <span class='ocrx_word' id='word_1_194' title='bbox 817 2874 933 2940; x_wconf 82' lang='lat' dir='ltr'>divina</span> <span class='ocrx_word' id='word_1_195' title='bbox 955 2880 1075 2939; x_wconf 90' lang='lat' dir='ltr'>natura</span> <span class='ocrx_word' id='word_1_196' title='bbox 1098 2876 1231 2971; x_wconf 83' lang='lat' dir='ltr'>cognita</span> <span class='ocrx_word' id='word_1_197' title='bbox 1256 2878 1387 2942; x_wconf 85' lang='lat' dir='ltr'>attoniti</span> 
     </span>
     <span class='ocr_line' id='line_1_25' title="bbox 223 2981 1386 3069; baseline 0.001 -22"><span class='ocrx_word' id='word_1_198' title='bbox 223 2981 467 3066; x_wconf 87' lang='lat' dir='ltr'>obstupescunt·</span> <span class='ocrx_word' id='word_1_199' title='bbox 497 2983 532 3060; x_wconf 74' lang='grc' dir='ltr'>(β</span> <span class='ocrx_word' id='word_1_200' title='bbox 554 3011 583 3066; x_wconf 81' lang='lat' dir='ltr'>y.</span> <span class='ocrx_word' id='word_1_201' title='bbox 609 2981 672 3069; x_wconf 77' lang='grc'>[01).</span> <span class='ocrx_word' id='word_1_202' title='bbox 720 2983 839 3046; x_wconf 86' lang='lat' dir='ltr'>Postea</span> <span class='ocrx_word' id='word_1_203' title='bbox 873 2981 988 3046; x_wconf 89' lang='lat' dir='ltr'>divina</span> <span class='ocrx_word' id='word_1_204' title='bbox 1023 2981 1218 3046; x_wconf 90' lang='lat' dir='ltr'>auctoritate</span> <span class='ocrx_word' id='word_1_205' title='bbox 1253 2985 1386 3048; x_wconf 90' lang='lat' dir='ltr'>commi-</span> 
     </span>
     <span class='ocr_line' id='line_1_26' title="bbox 222 3087 1384 3176; baseline 0.004 -22"><span class='ocrx_word' id='word_1_206' title='bbox 222 3095 306 3155; x_wconf 90' lang='lat' dir='ltr'>nuta</span> <span class='ocrx_word' id='word_1_207' title='bbox 328 3089 382 3155; x_wconf 89' lang='lat' dir='ltr'>vel</span> <span class='ocrx_word' id='word_1_208' title='bbox 404 3088 557 3152; x_wconf 88' lang='lat' dir='ltr'>homines</span> <span class='ocrx_word' id='word_1_209' title='bbox 581 3087 651 3153; x_wconf 91' lang='lat' dir='ltr'>deis</span> <span class='ocrx_word' id='word_1_210' title='bbox 687 3095 861 3174; x_wconf 86' lang='lat' dir='ltr'>tamquam</span> <span class='ocrx_word' id='word_1_211' title='bbox 894 3089 1009 3153; x_wconf 89' lang='lat' dir='ltr'>amicis</span> <span class='ocrx_word' id='word_1_212' title='bbox 1042 3094 1183 3153; x_wconf 89' lang='lat' dir='ltr'>utuntur</span> <span class='ocrx_word' id='word_1_213' title='bbox 1216 3088 1254 3176; x_wconf 82' lang='grc' dir='ltr'>(ν.</span> <span class='ocrx_word' id='word_1_214' title='bbox 1281 3118 1316 3159; x_wconf 82' lang='grc' dir='ltr'>π.</span> <span class='ocrx_word' id='word_1_215' title='bbox 1342 3092 1384 3176; x_wconf 82' lang='grc' dir='ltr'>υ),</span> 
     </span>
     <span class='ocr_line' id='line_1_27' title="bbox 222 3195 1386 3281; baseline -0.001 -19"><span class='ocrx_word' id='word_1_216' title='bbox 222 3196 304 3262; x_wconf 94' lang='lat' dir='ltr'>dum</span> <span class='ocrx_word' id='word_1_217' title='bbox 328 3195 563 3261; x_wconf 88' lang='lat' dir='ltr'>recentissimis</span> <span class='ocrx_word' id='word_1_218' title='bbox 587 3195 793 3280; x_wconf 90' lang='lat' dir='ltr'>temporibus</span> <span class='ocrx_word' id='word_1_219' title='bbox 810 3195 948 3260; x_wconf 91' lang='lat' dir='ltr'>deorum</span> <span class='ocrx_word' id='word_1_220' title='bbox 965 3196 1186 3280; x_wconf 87' lang='lat' dir='ltr'>praesentiam</span> <span class='ocrx_word' id='word_1_221' title='bbox 1204 3196 1386 3281; x_wconf 88' lang='lat' dir='ltr'>neglegunt</span> 
     </span>
     <span class='ocr_line' id='line_1_28' title="bbox 222 3302 1386 3390; baseline -0.002 -20"><span class='ocrx_word' id='word_1_222' title='bbox 222 3302 258 3390; x_wconf 84' lang='lat' dir='ltr'>(o.</span> <span class='ocrx_word' id='word_1_223' title='bbox 283 3333 311 3390; x_wconf 82' lang='grc' dir='ltr'>χ.</span> <span class='ocrx_word' id='word_1_224' title='bbox 336 3333 369 3370; x_wconf 85' lang='grc' dir='ltr'>ω.</span> <span class='ocrx_word' id='word_1_225' title='bbox 395 3324 449 3388; x_wconf 88' lang='lat' dir='ltr'>pg.</span> <span class='ocrx_word' id='word_1_226' title='bbox 476 3303 526 3366; x_wconf 79' lang='lat'>77.</span> <span class='ocrx_word' id='word_1_227' title='bbox 546 3303 597 3368; x_wconf 75' lang='grc'>28.</span> <span class='ocrx_word' id='word_1_228' title='bbox 618 3302 691 3390; x_wconf 71' lang='lat' dir='ltr'>la),</span> <span class='ocrx_word' id='word_1_229' title='bbox 717 3302 800 3387; x_wconf 90' lang='lat' dir='ltr'>quin</span> <span class='ocrx_word' id='word_1_230' title='bbox 828 3303 926 3367; x_wconf 90' lang='lat' dir='ltr'>etiam</span> <span class='ocrx_word' id='word_1_231' title='bbox 949 3304 1105 3368; x_wconf 88' lang='lat' dir='ltr'>coelestes</span> <span class='ocrx_word' id='word_1_232' title='bbox 1122 3309 1257 3387; x_wconf 89' lang='lat' dir='ltr'>propter</span> <span class='ocrx_word' id='word_1_233' title='bbox 1273 3303 1386 3389; x_wconf 89' lang='lat' dir='ltr'>inepta</span> 
     </span>
     <span class='ocr_line' id='line_1_29' title="bbox 223 3407 1297 3497; baseline 0 -23"><span class='ocrx_word' id='word_1_234' title='bbox 223 3432 338 3474; x_wconf 88' lang='lat' dir='ltr'>eorum</span> <span class='ocrx_word' id='word_1_235' title='bbox 361 3408 499 3475; x_wconf 88' lang='lat' dir='ltr'>consilia</span> <span class='ocrx_word' id='word_1_236' title='bbox 523 3407 709 3494; x_wconf 86' lang='lat' dir='ltr'>opprobriis</span> <span class='ocrx_word' id='word_1_237' title='bbox 733 3408 880 3474; x_wconf 88' lang='lat' dir='ltr'>obruunt</span> <span class='ocrx_word' id='word_1_238' title='bbox 902 3408 932 3496; x_wconf 81' lang='lat' dir='ltr'>(v</span> <span class='ocrx_word' id='word_1_239' title='bbox 955 3409 1131 3473; x_wconf 71' lang='lat' dir='ltr'>era-428</span> <span class='ocrx_word' id='word_1_240' title='bbox 1155 3432 1209 3494; x_wconf 90' lang='lat' dir='ltr'>pg.</span> <span class='ocrx_word' id='word_1_241' title='bbox 1234 3410 1297 3497; x_wconf 79' lang='lat'><strong>58).</strong></span> 
     </span>
     <span class='ocr_line' id='line_1_30' title="bbox 310 3515 1385 3602; baseline 0.001 -21"><span class='ocrx_word' id='word_1_242' title='bbox 310 3516 464 3601; x_wconf 91' lang='lat' dir='ltr'>Denique</span> <span class='ocrx_word' id='word_1_243' title='bbox 488 3516 802 3581; x_wconf 88' lang='lat' dir='ltr'>commemoratione</span> <span class='ocrx_word' id='word_1_244' title='bbox 827 3515 968 3600; x_wconf 89' lang='lat' dir='ltr'>dignum</span> <span class='ocrx_word' id='word_1_245' title='bbox 992 3523 1050 3593; x_wconf 79' lang='lat' dir='ltr'>est,</span> <span class='ocrx_word' id='word_1_246' title='bbox 1076 3515 1165 3602; x_wconf 92' lang='lat' dir='ltr'>quod</span> <span class='ocrx_word' id='word_1_247' title='bbox 1183 3538 1260 3581; x_wconf 93' lang='lat' dir='ltr'>cum</span> <span class='ocrx_word' id='word_1_248' title='bbox 1276 3517 1385 3602; x_wconf 91' lang='lat' dir='ltr'>prisca</span> 
     </span>
     <span class='ocr_line' id='line_1_31' title="bbox 221 3622 1384 3707; baseline 0.003 -19"><span class='ocrx_word' id='word_1_249' title='bbox 221 3629 338 3700; x_wconf 72' lang='lat' dir='ltr'>aetite,</span> <span class='ocrx_word' id='word_1_250' title='bbox 364 3629 401 3687; x_wconf 89' lang='lat' dir='ltr'>ut</span> <span class='ocrx_word' id='word_1_251' title='bbox 424 3624 474 3687; x_wconf 81' lang='lat' dir='ltr'>fas</span> <span class='ocrx_word' id='word_1_252' title='bbox 498 3629 555 3700; x_wconf 81' lang='lat' dir='ltr'>est,</span> <span class='ocrx_word' id='word_1_253' title='bbox 581 3622 756 3707; x_wconf 85' lang='lat' dir='ltr'>diligenter</span> <span class='ocrx_word' id='word_1_254' title='bbox 777 3622 955 3699; x_wconf 81' lang='lat' dir='ltr'>adnotetur</span> <span class='ocrx_word' id='word_1_255' title='bbox 973 3623 1055 3691; x_wconf 84' lang='lat' dir='ltr'>deos</span> <span class='ocrx_word' id='word_1_256' title='bbox 1080 3625 1124 3690; x_wconf 82' lang='lat' dir='ltr'>ad</span> <span class='ocrx_word' id='word_1_257' title='bbox 1146 3625 1307 3692; x_wconf 83' lang='lat' dir='ltr'>homines</span> <span class='ocrx_word' id='word_1_258' title='bbox 1331 3644 1384 3691; x_wconf 81' lang='lat' dir='ltr'>ac·</span> 
     </span>
    </p>
   </div>
   <div class='ocr_carea' id='block_1_3' title="bbox 221 3728 1383 4029">
    <p class='ocr_par' dir='ltr' id='par_1_3' title="bbox 221 3728 1383 4029">
     <span class='ocr_line' id='line_1_32' title="bbox 221 3728 1383 3815; baseline -0.003 -17"><span class='ocrx_word' id='word_1_259' title='bbox 221 3731 355 3810; x_wconf 88' lang='lat' dir='ltr'>cedere,</span> <span class='ocrx_word' id='word_1_260' title='bbox 378 3749 417 3797; x_wconf 87' lang='lat' dir='ltr'>re</span> <span class='ocrx_word' id='word_1_261' title='bbox 441 3731 599 3797; x_wconf 84' lang='lat' dir='ltr'>confecta</span> <span class='ocrx_word' id='word_1_262' title='bbox 621 3731 731 3810; x_wconf 87' lang='lat' dir='ltr'>abire,</span> <span class='ocrx_word' id='word_1_263' title='bbox 755 3730 895 3815; x_wconf 89' lang='lat' dir='ltr'>posteris</span> <span class='ocrx_word' id='word_1_264' title='bbox 925 3728 1131 3814; x_wconf 85' lang='lat' dir='ltr'>temporibus</span> <span class='ocrx_word' id='word_1_265' title='bbox 1165 3736 1281 3815; x_wconf 88' lang='lat' dir='ltr'>poetae</span> <span class='ocrx_word' id='word_1_266' title='bbox 1316 3752 1383 3794; x_wconf 93' lang='grc'>000</span> 
     </span>
     <span class='ocr_line' id='line_1_33' title="bbox 221 3834 1381 3921; baseline 0.001 -21"><span class='ocrx_word' id='word_1_267' title='bbox 221 3858 294 3901; x_wconf 90' lang='lat' dir='ltr'>raro</span> <span class='ocrx_word' id='word_1_268' title='bbox 317 3857 579 3902; x_wconf 91' lang='lat' dir='ltr'>commemorare</span> <span class='ocrx_word' id='word_1_269' title='bbox 602 3836 793 3921; x_wconf 88' lang='lat' dir='ltr'>neglegunt,</span> <span class='ocrx_word' id='word_1_270' title='bbox 818 3834 897 3900; x_wconf 90' lang='lat' dir='ltr'>deos</span> <span class='ocrx_word' id='word_1_271' title='bbox 920 3842 980 3900; x_wconf 91' lang='lat' dir='ltr'>aut</span> <span class='ocrx_word' id='word_1_272' title='bbox 1001 3836 1157 3901; x_wconf 89' lang='lat' dir='ltr'>accedere</span> <span class='ocrx_word' id='word_1_273' title='bbox 1191 3842 1250 3900; x_wconf 80' lang='grc'>001</span> <span class='ocrx_word' id='word_1_274' title='bbox 1281 3836 1381 3915; x_wconf 82' lang='lat' dir='ltr'>abire,</span> 
     </span>
     <span class='ocr_line' id='line_1_34' title="bbox 223 3941 1379 4029; baseline -0.001 -21"><span class='ocrx_word' id='word_1_275' title='bbox 223 3965 289 4029; x_wconf 88' lang='lat' dir='ltr'>quc</span> <span class='ocrx_word' id='word_1_276' title='bbox 313 3945 359 4023; x_wconf 89' lang='lat' dir='ltr'>fit,</span> <span class='ocrx_word' id='word_1_277' title='bbox 385 3950 422 4007; x_wconf 89' lang='lat' dir='ltr'>ut</span> <span class='ocrx_word' id='word_1_278' title='bbox 446 3943 583 4008; x_wconf 88' lang='lat' dir='ltr'>omnino</span> <span class='ocrx_word' id='word_1_279' title='bbox 607 3943 642 4007; x_wconf 94' lang='grc'>10</span> <span class='ocrx_word' id='word_1_280' title='bbox 666 3951 753 4009; x_wconf 88' lang='lat' dir='ltr'>terra</span> <span class='ocrx_word' id='word_1_281' title='bbox 776 3944 973 4008; x_wconf 88' lang='lat' dir='ltr'>commorari</span> <span class='ocrx_word' id='word_1_282' title='bbox 1008 3942 1186 4010; x_wconf 86' lang='lat' dir='ltr'>videantur</span> <span class='ocrx_word' id='word_1_283' title='bbox 1220 3941 1268 4029; x_wconf 69' lang='grc' dir='ltr'>(θ.</span> <span class='ocrx_word' id='word_1_284' title='bbox 1294 3970 1328 4008; x_wconf 82' lang='grc' dir='ltr'>π.</span> <span class='ocrx_word' id='word_1_285' title='bbox 1354 3965 1379 4011; x_wconf 91' lang='grc' dir='ltr'>σ.</span> 
     </span>
    </p>
   </div>
   <div class='ocr_carea' id='block_1_4' title="bbox 218 4051 928 4313">
    <p class='ocr_par' dir='ltr' id='par_1_4' title="bbox 218 4051 928 4313">
     <span class='ocr_line' id='line_1_35' title="bbox 218 4051 463 4159; baseline -0.02 -22"><span class='ocrx_word' id='word_1_286' title='bbox 218 4081 247 4137; x_wconf 83' lang='lat' dir='ltr'>x·</span> <span class='ocrx_word' id='word_1_287' title='bbox 273 4081 297 4159; x_wconf 72' lang='grc' dir='ltr'><strong>ω</strong></span> <span class='ocrx_word' id='word_1_288' title='bbox 320 4072 374 4137; x_wconf 69' lang='lat' dir='ltr'>pe·</span> <span class='ocrx_word' id='word_1_289' title='bbox 402 4051 463 4132; x_wconf 77' lang='lat'><strong>74).</strong></span> 
     </span>
     <span class='ocr_line' id='line_1_36' title="bbox 754 4189 928 4313; baseline 0.006 -23"><span class='ocrx_word' id='word_1_290' title='bbox 754 4227 849 4313; x_wconf 70' lang='lat' dir='ltr'>§aa</span> <span class='ocrx_word' id='word_1_291' title='bbox 925 4189 928 4193; x_wconf 43' lang='grc'><em>“</em></span> 
     </span>
    </p>
   </div>
   <div class='ocr_carea' id='block_1_5' title="bbox 307 4369 1380 4455">
    <p class='ocr_par' dir='ltr' id='par_1_5' title="bbox 307 4369 1380 4455">
     <span class='ocr_line' id='line_1_37' title="bbox 307 4369 1380 4455; baseline -0.004 -19"><span class='ocrx_word' id='word_1_292' title='bbox 307 4371 400 4436; x_wconf 85' lang='grc' dir='ltr'>Ηο00</span> <span class='ocrx_word' id='word_1_293' title='bbox 424 4371 491 4434; x_wconf 83' lang='lat' dir='ltr'>lere</span> <span class='ocrx_word' id='word_1_294' title='bbox 514 4369 705 4448; x_wconf 71' lang='lat' dir='ltr'>habuimus</span> <span class='ocrx_word' id='word_1_295' title='bbox 730 4391 816 4455; x_wconf 88' lang='lat' dir='ltr'>quae</span> <span class='ocrx_word' id='word_1_296' title='bbox 841 4369 881 4434; x_wconf 90' lang='lat' dir='ltr'>de</span> <span class='ocrx_word' id='word_1_297' title='bbox 904 4369 993 4448; x_wconf 72' lang='lat' dir='ltr'>locis</span> <span class='ocrx_word' id='word_1_298' title='bbox 1019 4369 1077 4439; x_wconf 92' lang='lat' dir='ltr'>ubi</span> <span class='ocrx_word' id='word_1_299' title='bbox 1101 4369 1153 4434; x_wconf 92' lang='lat' dir='ltr'>dei</span> <span class='ocrx_word' id='word_1_300' title='bbox 1177 4391 1254 4434; x_wconf 93' lang='lat' dir='ltr'>cum</span> <span class='ocrx_word' id='word_1_301' title='bbox 1278 4369 1380 4433; x_wconf 74' lang='grc'>110011-</span> 
     </span>
    </p>
   </div>
   <div class='ocr_carea' id='block_1_6' title="bbox 218 4475 1381 4636">
    <p class='ocr_par' dir='ltr' id='par_1_6' title="bbox 218 4475 1381 4636">
     <span class='ocr_line' id='line_1_38' title="bbox 218 4475 1381 4562; baseline -0.001 -17"><span class='ocrx_word' id='word_1_302' title='bbox 218 4479 317 4546; x_wconf 90' lang='lat' dir='ltr'>nibus</span> <span class='ocrx_word' id='word_1_303' title='bbox 352 4477 597 4562; x_wconf 86' lang='lat' dir='ltr'>colloquuntur,</span> <span class='ocrx_word' id='word_1_304' title='bbox 631 4477 825 4543; x_wconf 88' lang='lat' dir='ltr'>diceremus.</span> <span class='ocrx_word' id='word_1_305' title='bbox 882 4475 1117 4543; x_wconf 85' lang='lat' dir='ltr'>Praeteriimus</span> <span class='ocrx_word' id='word_1_306' title='bbox 1141 4483 1258 4549; x_wconf 89' lang='lat' dir='ltr'>autem</span> <span class='ocrx_word' id='word_1_307' title='bbox 1283 4498 1331 4541; x_wconf 89' lang='lat' dir='ltr'>vs.</span> <span class='ocrx_word' id='word_1_308' title='bbox 1348 4503 1381 4560; x_wconf 53' lang='grc' dir='ltr'>1ν</span> 
     </span>
     <span class='ocr_line' id='line_1_39' title="bbox 1170 4583 1203 4636; baseline 0 -26"><span class='ocrx_word' id='word_1_309' title='bbox 1170 4583 1203 4636; x_wconf 67' lang='grc'>60</span> 
     </span>
    </p>
   </div>
   <div class='ocr_carea' id='block_1_7' title="bbox 0 0 1614 5332">
    <p class='ocr_par' dir='ltr' id='par_1_7' title="bbox 0 0 1614 5332">
     <span class='ocr_line' id='line_1_40' title="bbox 0 0 1614 5332; baseline 0 3"><span class='ocrx_word' id='word_1_310' title='bbox 0 0 1614 5332; x_wconf 95' lang='lat' dir='ltr'> </span> 
     </span>
    </p>
   </div>
  </div>
 </body>
</html>
