3218 5332
796 339 1016 404 -6ss..

326 536 452 622 priscas
490 540 523 599 et
560 532 756 598 recentiores
794 532 1026 620 interpositam
1064 553 1144 598 esse.
1212 531 1300 598 Nam
1338 554 1419 599 cum
1456 532 1492 597 hi

326 664 442 710 versus
465 663 526 728 pro
542 640 761 705 fundamento
777 633 951 726 tamquam
964 641 1064 728 positi
1080 642 1147 707 sint
1163 641 1316 706 omnium
1331 641 1492 727 partium,

325 749 385 815 ubi
418 748 535 815 Ulixes
568 748 605 812 in
637 747 809 813 hominem
841 748 1035 814 mendicum
1078 754 1303 814 commutatus
1340 753 1493 834 apparet,

327 856 542 921 manifestum
581 859 631 919 est
667 875 723 920 eos
760 854 928 920 maximae
961 855 1181 942 posteriorum
1205 854 1368 920 librorum
1404 836 1492 940 parti

325 962 531 1049 praecedere.
572 960 645 1026 Hos
668 981 747 1028 vero
770 960 806 1025 in
829 960 931 1026 libros
954 982 1033 1027 cum
1057 961 1257 1049 epiphaniae
1279 961 1495 1049 2205-240

327 1076 359 1135 et
381 1100 406 1138 ω
428 1070 494 1132 472
519 1091 566 1154 sq.
592 1067 634 1133 ab
657 1067 892 1154 interpolatore
916 1052 1077 1154 quodam'
1090 1069 1235 1134 insertae
1264 1069 1342 1147 sint,
1373 1067 1450 1135 libri
1474 1096 1495 1136 ν

326 1176 489 1263 posterior
511 1197 588 1261 pars
612 1181 689 1240 ante
712 1174 786 1240 illas
810 1174 1082 1260 interpolationes
1115 1175 1299 1261 composita
1322 1183 1381 1242 cst.
1440 1175 1495 1240 Ex

326 1284 429 1348 altera
451 1287 564 1348 autem
587 1287 680 1367 parte
703 1281 778 1346 libri
802 1309 821 1350 ν
844 1282 1040 1367 posteriores
1062 1304 1179 1349 versus
1203 1289 1279 1369 post
1300 1283 1495 1348 Phaeacum

326 1389 476 1455 fabulam
500 1395 533 1454 et
556 1387 804 1454 Telemachiam
827 1395 1004 1474 conceptos
1028 1410 1099 1454 esse
1132 1396 1229 1455 etex
1252 1389 1496 1476 compositione

287 1504 294 1519 ‘
327 1495 495 1582 Odysseae
516 1501 656 1581 apparet
671 1501 704 1560 et
718 1494 797 1560 inde
813 1494 1025 1580 intellegitur,
1042 1495 1142 1582 ‘quod
1164 1497 1200 1561 in
1215 1496 1269 1562 his
1284 1493 1436 1563 versibus
1460 1502 1497 1561 et

328 1601 540 1668 Telemachia
574 1608 606 1667 et
639 1601 831 1667 Phaeacum
869 1601 984 1668 fabula
1020 1607 1207 1688 tanguntur
1243 1602 1316 1688 (ctr.
1356 1602 1494 1680 318l19.

327 1709 461 1786 erasas.
487 1710 561 1775 soa
587 1694 672 1775 304(
687 1707 832 1796 342l43).

415 1815 716 1903 Comprobavirnus
739 1816 841 1901 igitur
864 1815 1062 1902 epiphanias
1085 1817 1124 1883 Ν
1154 1823 1187 1882 et
1209 1815 1250 1886 ν9
1283 1839 1353 1883 non
1376 1817 1419 1883 ah
1441 1839 1496 1883 eo·

331 1924 408 1989 dem
442 1929 542 2010 poeta
576 1929 753 2008 conceptos
788 1944 869 2002 esse,
905 1930 938 1988 et
967 1924 1070 1988 istum
1099 1923 1266 2009 optimum
1297 1925 1445 1990 fructum
1476 1947 1497 1991 e

268 2015 272 2021 ⁸
327 2053 439 2097 rerum
473 2030 667 2097 divinarum
705 2031 985 2115 contemplatione
1024 2030 1151 2116 cepisse
1191 2032 1288 2098 nobis
1326 2032 1494 2100 videmur.

325 2138 461 2204 Etenim
484 2158 571 2223 quae
595 2137 636 2202 de
664 2136 748 2202 hhro
767 2165 786 2206 ν
809 2137 990 2216 effecimus
1015 2143 1048 2202 ct
1062 2138 1269 2223 gravissimis
1284 2140 1496 2225 argumentis

326 2246 522 2310 confirmata
554 2250 586 2309 et
609 2244 683 2330 ipsa
705 2243 898 2329 inquirendi
921 2244 1048 2327 ratione
1071 2245 1287 2331 comprobata
1309 2252 1397 2312 sunt
1452 2246 1496 2311 In

326 2357 601 2437 argumentorum
624 2372 764 2416 numero
787 2349 978 2430 habuimus,
1013 2352 1105 2437 quod
1139 2359 1279 2439 uterque
1312 2358 1413 2440 poeta
1447 2353 1497 2418 di·

329 2479 426 2525 versa
462 2457 670 2523 describendi
705 2464 775 2523 arte
798 2457 963 2537 utebatur,
999 2456 1131 2524 diversa
1164 2459 1330 2525 sentiendi
1365 2459 1496 2526 ratione

327 2565 364 2629 in
396 2563 495 2629 rebus
529 2563 653 2631 divinis
687 2562 927 2650 depingendis;
963 2563 1055 2650 quod
1088 2565 1171 2630 alter
1204 2565 1341 2632 alterius
1376 2587 1497 2634 versus

327 2672 363 2737 in
401 2693 501 2736 suum
539 2692 674 2737 carmen
712 2671 844 2757 recepit,
883 2693 999 2738 versus
1043 2671 1086 2737 ab
1131 2673 1204 2758 ipso
1242 2679 1420 2760 conceptos
1459 2674 1498 2739 in

328 2779 418 2845 illius
450 2777 553 2845 verba
587 2778 736 2857 inscruit,
774 2778 865 2864 quod
899 2778 992 2858 alter,
1029 2780 1203 2864 quaesibi
1231 2781 1378 2846 maxime
1403 2781 1498 2846 cordi

328 2892 438 2963 erant,
482 2885 518 2949 in
556 2884 691 2950 alterius
729 2906 845 2951 versus
880 2885 1107 2971 interpolavit,
1156 2886 1291 2952 alterius
1336 2888 1516 2953 carminis¹

330 2998 460 3078 partem
485 2991 670 3057 seiunctam
693 2991 729 3055 in
752 2991 858 3077 ipsius
881 3013 981 3057 usum
1004 2993 1184 3072 convertit;
1221 2994 1366 3079 denique
1389 3016 1408 3060 e
1432 3016 1498 3060 ser-

328 3119 428 3163 mone
451 3118 490 3163 ac
512 3097 691 3164 verborum
714 3119 778 3163 usu
801 3098 1017 3183 probavimus
1033 3099 1176 3165 alterum
1198 3100 1326 3186 priscis,
1351 3101 1498 3167 alterum

330 3204 569 3271 recentioribus
591 3204 799 3290 temporibus
821 3205 932 3271 luisse.
987 3206 1066 3293 Ipsa
1093 3213 1206 3272 autern
1229 3207 1423 3293 inquirendi
1447 3230 1497 3274 ra-

329 3313 419 3378 tione
443 3332 492 3392 ca,
517 3333 604 3397 quae
627 3311 809 3391 effecimus,
833 3311 908 3378 ideo
930 3313 1201 3399 comprobantur,
1227 3313 1318 3399 quod
1334 3314 1496 3400 opinione

331 3441 399 3485 non
416 3425 631 3506 praesumpta
646 3417 690 3484 ad
712 3439 784 3484 rem
807 3419 1016 3486 accessimus.
1048 3419 1157 3485 Immo
1181 3441 1259 3486 cum
1280 3420 1408 3487 nullius
1430 3423 1498 3488 viri

331 3527 419 3592 docti
453 3527 490 3591 in
523 3525 634 3605 verba,
670 3531 709 3591 ut
735 3525 916 3592 Horatium
953 3548 1144 3612 sequamur,
1172 3528 1372 3614 juraremus,
1408 3529 1498 3596 solos

331 3655 447 3701 versus
470 3633 560 3719 ipsos
584 3632 812 3698 recensuimus
833 3654 944 3719 neque
959 3634 1156 3720 quidquam,
1180 3634 1318 3714 nisiae,
1342 3656 1429 3720 quae
1455 3657 1499 3701 ex

329 3741 411 3827 ipsis
447 3738 557 3807 verbis
589 3738 827 3819 efficiebantur,
862 3741 899 3804 in
930 3746 1084 3806 nostrum
1118 3763 1218 3808 usum
1253 3743 1496 3823 convertimus;

328 3869 395 3933 quo
435 3848 523 3912 facto
561 3846 654 3911 nulla
691 3848 893 3933 conjectura,
932 3848 1025 3913 nulla
1058 3848 1237 3934 hypothesi
1270 3848 1496 3916 imitabamur.

328 3954 440 4039 Atque
475 3975 510 4019 re
544 3975 632 4029 vera,
667 3953 702 4018 id
736 3954 828 4040 quod
859 3955 999 4021 maximi
1022 3956 1185 4022 momenti
1207 3962 1265 4036 est,
1302 3977 1344 4021 ex
1381 3964 1500 4024 nostra

327 4060 520 4146 inquirendi
555 4061 682 4126 ratione
717 4082 796 4126 eum
829 4062 976 4128 fructum
999 4062 1159 4149 cepimus,
1193 4070 1231 4128 ut
1253 4062 1440 4149 simplicem
1466 4074 1500 4132 et

329 4189 433 4232 unam
457 4168 620 4233 rationem
643 4168 679 4233 in
702 4168 786 4234 libro
811 4197 830 4238 ν
853 4190 1137 4256 cognosceremus.
1175 4170 1253 4236 Non
1275 4170 1367 4236 enim
1390 4174 1500 4240 coacti

329 4296 455 4353 sumus,
490 4280 528 4339 ut
560 4296 676 4342 versus
709 4275 925 4362 interpolatos
958 4277 1128 4358 eiciamus,
1166 4277 1234 4364 qui,
1270 4277 1360 4344 unde
1392 4282 1500 4347 coorti

329 4381 405 4461 sint,
441 4403 511 4447 non
544 4381 659 4467 liquet,
695 4383 754 4448 sed
777 4384 996 4469 cognovimus
1020 4406 1038 4450 e
1061 4383 1193 4450 duobus
1222 4385 1329 4470 poetis
1352 4384 1500 4453 alterum

329 4488 471 4559 alterum
494 4489 675 4576 excepisse3
700 4490 788 4556 hanc
810 4512 889 4558 vero
906 4512 1044 4558 causam
1059 4491 1172 4573 luisse,
1196 4498 1235 4557 ut
1249 4492 1498 4561 sententiarum
