3218 5332
611 361 684 447 ..g
698 361 741 428 49
788 400 831 411 ..

224 559 378 643 Denique
414 557 695 622 considerandum
731 565 790 637 est,
833 557 1001 643 quomodo
1036 559 1194 628 Minerva
1223 578 1301 623 eum

136 664 235 730 Ulixe
270 671 303 728 et
335 665 390 729 bic
424 685 502 730 oum
537 664 600 730 dea
633 665 849 750 colloquatur.
907 665 958 729 De
981 665 1134 730 Minerva
1163 663 1300 750 quidem

135 771 220 835 nihil
254 772 570 837 commemoratione
605 771 747 856 dignum
778 778 836 850 est,
872 792 949 837 cum
972 771 1124 837 versibus
1148 772 1301 836 237-49

137 879 271 943 Ulixem
295 878 395 942 modo
420 879 460 943 de
485 878 593 943 reditu
617 879 790 943 certiorem
813 879 923 943 iaciat.
962 879 1037 943 Hoc
1060 885 1193 943 tantum
1216 900 1301 944 com-

136 1007 343 1065 moneamus,
378 985 476 1050 deam
498 986 545 1051 ita
566 985 669 1071 loqui,
698 992 736 1050 ut
758 1007 868 1071 neque
892 986 963 1050 eius
986 1007 1065 1051 vera
1082 992 1209 1074 natura
1231 1007 1302 1071 per-

102 1131 105 1136 <
136 1093 296 1179 spiciatur
330 1114 440 1178 neque
475 1092 516 1158 de
551 1093 622 1158 eius
646 1092 841 1180 auctoritate
865 1091 1067 1157 detrahatur.
1122 1093 1175 1157 Ex
1199 1093 1303 1157 altera

136 1206 229 1285 parte
254 1200 369 1265 Ulixes
398 1221 531 1264 summa
561 1220 639 1264 oum
672 1200 858 1295 reverentia
887 1187 1094 1284 incognitam
1127 1199 1224 1264 deam
1248 1199 1302 1264 ad-

135 1307 293 1392 loquitur,
328 1328 438 1393 neque
462 1306 649 1393 quidquam
673 1306 867 1371 offensionis
901 1306 937 1370 in
970 1307 1041 1371 eius
1071 1306 1181 1371 verbis
1204 1306 1301 1385 inest,

136 1420 371 1500 praeterquam
395 1414 487 1499 quod
509 1420 625 1499 postea
647 1413 807 1480 adversus
831 1413 1019 1487 Minervam
1046 1414 1245 1478 mendacem
1268 1435 1303 1481 se

43 1601 45 1603 Ι
137 1520 282 1606 praebet.
340 1522 416 1586 Hoc
450 1543 539 1599 vere,
576 1521 671 1585 cuius
705 1520 813 1585 simile
841 1520 951 1585 adhuc
974 1521 1010 1584 in
1034 1521 1161 1605 priscae
1185 1521 1302 1585 aetatis
1357 1602 1358 1606 Ἰ

137 1628 216 1693 locis
240 1650 309 1693 non
331 1629 533 1707 invenimus,
569 1627 644 1692 ideo
667 1628 808 1692 alicuius
832 1627 994 1692 momenti
1021 1610 1174 1706 facimus,
1211 1627 1303 1713 quod

136 1736 172 1799 in
198 1757 243 1801 vs.
269 1736 335 1801 256
358 1757 418 1821 sq,
443 1736 502 1821 qui
525 1735 663 1820 insuper
694 1756 794 1800 versu
821 1734 983 1799 mendoso
1006 1734 1182 1799 initiantur
1203 1716 1302 1822 (254),

136 1843 190 1907 vel
214 1863 316 1928 supra
339 1839 567 1908 haerebamus
1069 1915 1071 1920 s

227 1949 454 2034 Cognovimus
477 1949 593 2034 igitur,
614 1955 783 2014 uteorum
818 1969 905 2034 quae
920 1948 1113 2014 invenimus
1134 1970 1304 2014 summam

137 2056 253 2142 paucis
275 2056 387 2122 verbis
411 2062 609 2142 repetamus,
641 2056 732 2120 hunc
755 2060 889 2142 poetam
913 2077 983 2120 rem
1007 2055 1091 2121 bene
1114 2056 1304 2121 institutam

137 2164 403 2249 ingeniosissime
436 2163 622 2249 perfecisse,
656 2163 876 2248 eognovimus
911 2184 989 2227 eum
1020 2169 1053 2227 et
1075 2172 1194 2227 rerum'
1210 2168 1310 2228 natu?

137 2292 210 2335 ram
245 2270 277 2336 et
306 2270 484 2334 hominum
507 2269 561 2336 vel
595 2269 744 2348 deorum,
781 2291 866 2355 quos
900 2276 1037 2354 agentes
1071 2271 1158 2349 lecit,
1194 2292 1304 2335 mores

139 2377 315 2462 diligenter
344 2376 569 2462 perspexisse;
594 2382 776 2461 utrumque
800 2398 878 2442 vero
901 2377 935 2440 in
954 2377 1081 2460 priscae
1098 2378 1215 2442 aetatis
1239 2377 1304 2462 epi·
1378 2408 1381 2414 ¹

137 2485 272 2570 phaniis
307 2505 439 2568 semper
474 2484 654 2570 invenitur,
691 2505 823 2569 semper
846 2483 1066 2569 ,desideratur
1097 2485 1133 2549 in
1169 2485 1303 2549 recenti·
1382 2531 1387 2544 .

137 2614 234 2656 orum
257 2598 448 2676 temporum
471 2590 633 2670 versibus,
665 2590 723 2655 ubi
754 2597 872 2676 poetae
904 2591 1026 2676 pannis
1057 2590 1207 2676 undique
1238 2613 1305 2657 cor·
1404 2657 1407 2664 ,

137 2699 239 2784 reptis
264 2698 413 2763 carmina
444 2698 659 2762 consuebant.
708 2697 807 2774 Quod
837 2719 889 2762 res
914 2697 1045 2764 divinas
1069 2681 1196 2776 astinet,
1224 2688 1305 2763 item
1385 2719 1388 2726 ·

137 2806 252 2870 omnia
268 2806 394 2891 priseae
407 2805 523 2869 aetatis
540 2812 738 2889 argumenta
754 2804 1046 2890 deprehendimus,
1066 2826 1144 2870 cum
1154 2805 1306 2872 Minerva

132 2913 308 2997 'incognita
331 2933 409 2977 cum
433 2912 531 2977 Ulixe
555 2912 773 2997 colloquatur,
808 2898 899 2997 justa
934 2912 975 2977 de
1010 2934 1110 2977 causa
1141 2913 1240 2977 rebus
1271 2935 1305 2978 se

137 3020 329 3098 inmisceat,
376 3020 547 3105 proposita
593 3019 677 3084 bene
723 3020 885 3105 perficiat,
933 3040 1067 3085 summa
1111 3020 1305 3086 auctoritate

137 3129 277 3192 fruatur.
337 3125 428 3201 Quid
450 3126 578 3190 multa?
613 3126 688 3191 libri
712 3153 731 3195 ν
754 3127 900 3212 priorem
923 3134 1053 3212 partem
1085 3127 1202 3212 priscis
1226 3134 1305 3192 tem-

138 3234 276 3320 poribus
306 3240 503 3319 conceptam
538 3255 608 3299 esse
643 3255 703 3319 pro
728 3240 816 3298 certo
840 3234 1084 3299 constituimus.
1139 3234 1205 3299 Sed
1236 3257 1306 3299 non

139 3341 248 3407 solum
283 3348 390 3407 certae
426 3341 536 3420 aetati,
575 3363 694 3406 verum
728 3341 827 3406 etiam
864 3348 952 3406 certo
985 3349 1102 3427 poetae
1136 3363 1176 3406 ex
1211 3363 1305 3426 argu-
1408 3407 1411 3413 ,

138 3448 260 3513 mentis
283 3449 405 3513 nostris
428 3448 490 3512 hos
513 3469 630 3513 versus
654 3448 833 3513 attribuere
857 3448 941 3513 licet.
974 3448 1062 3513 Nam
1082 3470 1160 3512 cum
1184 3449 1219 3512 in
1242 3449 1305 3514 hac

139 3562 232 3641 parte
255 3555 346 3620 idem
373 3555 550 3620 artificium
574 3562 754 3641 usurpetur
782 3562 883 3640 atque
907 3556 941 3619 in
967 3555 1155 3640 epiphaniis
1181 3560 1198 3635 ζ
1221 3563 1253 3620 et
1276 3585 1304 3644 η,

138 3662 174 3727 id
198 3663 281 3741 dico,
317 3662 408 3748 quod
442 3661 541 3727 rebus
576 3662 619 3726 ad
653 3663 780 3727 exitum
810 3661 1067 3748 properantibus
1090 3683 1185 3727 mora
1208 3683 1304 3747 quae-

140 3771 216 3836 dam
242 3771 389 3848 affertur,
422 3777 555 3835 etcum
583 3770 659 3834 illae
683 3769 882 3855 epiphaniae
906 3769 1023 3834 eadem
1046 3770 1237 3834 Phaeacum
1260 3771 1305 3834 la-

140 3879 220 3943 bula
254 3884 355 3963 atque
390 3877 571 3962 epiphania
594 3879 629 3945 ν1
666 3877 910 3955 contineantur,
946 3877 1124 3941 manifesto
1156 3883 1304 3962 apparet,

141 3993 176 4052 ut
199 4006 288 4050 unus
321 3991 421 4070 atque
451 3985 542 4049 idem
570 3991 668 4070 poeta
690 3985 816 4070 priscas
841 3984 1038 4070 epiphanias
1063 3988 1089 4064 ζ,
1114 4013 1142 4073 η,
1167 3986 1205 4054 21¹
1231 4006 1305 4050 oon·
1351 4000 1359 4019 ·

94 4169 97 4176 Ι
140 4093 272 4179 ceperit.
1112 4110 1120 4127 ⁹

676 4289 699 4378 a
724 4291 774 4357 15.

230 4388 414 4503 Postquam
437 4415 552 4482 Ulixes
586 4417 872 4482 narratiunculam
902 4414 1014 4481 fictam
1049 4413 1236 4503 explicavit,
1270 4414 1306 4483 id

142 4524 234 4611 quod
264 4524 396 4608 saepius
428 4525 508 4589 facit
539 4524 569 4613 (ν
594 4525 779 4602 aur-286,
816 4530 834 4604 ξ
860 4526 1042 4609 ree-359,
1078 4526 1304 4618 9419-444,

1130 4636 1147 4686 4
