3218 5332
625 376 662 387 ..
714 339 755 404 31
798 376 846 431 ι..

155 535 343 600 Homerum
382 528 451 600 non
490 535 670 625 invenitur.
733 533 880 598 Omnino
919 540 1032 599 autem
1065 542 1181 619 poetae
1216 535 1323 618 negle-

154 643 267 727 gentia
291 664 332 707 ex
356 663 394 707 eo
418 642 630 727 intellegitur,
657 641 748 726 quod
771 648 902 727 praeter
924 641 1084 706 Mentoris
1100 641 1323 727 praesentiam
1376 669 1381 680 ·

153 750 276 829 omnia,
313 771 400 836 quae
424 749 577 839 versibus
600 749 756 813 443-49
789 756 997 826 enarrantur,
1030 770 1105 813 cum
1143 749 1200 827 eis,
1237 770 1323 833 quae

155 857 307 923 Minerva
329 886 349 942 χ
372 857 549 922 205--240
573 877 607 921 re
631 877 711 922 vera
733 855 844 941 gessit,
870 856 969 941 plane
993 855 1203 921 dissentiunt.

242 982 316 1047 Hoc
340 982 411 1047 loco
435 968 611 1066 tamquam
634 987 882 1067 praetereuntes
914 980 1231 1045 commemoratione
1255 980 1322 1064 dig·
1390 1025 1398 1042 .

153 1111 237 1153 num
273 1110 458 1167 censemus
493 1088 584 1173 quod
619 1088 719 1152 etiam
754 1087 907 1152 Noemon
941 1087 977 1151 in
1010 1086 1086 1151 libri
1122 1090 1141 1155 δ
1175 1093 1323 1152 extrema

154 1202 258 1281 parte,
288 1217 392 1281 quam
416 1195 655 1281 recentioribus
673 1194 880 1280 temporibus
904 1197 1101 1280 conceptam
1117 1216 1188 1259 esse
1205 1194 1322 1259 Kiroh-

153 1303 225 1367 hoff
248 1309 280 1367 et
303 1303 516 1368 Wilamovitz
550 1302 773 1379 consentiunt,
810 1323 881 1366 sese
905 1301 1065 1366 Mentoris
1100 1299 1170 1388 (qui
1198 1301 1234 1365 in
1257 1308 1322 1385 βγ

154 1409 303 1496 apparet)
327 1409 478 1475 divinam
495 1415 651 1473 naturam
674 1409 882 1494 perspexisse
899 1409 1072 1494 profitetur
1088 1407 1119 1493 (d
1135 1408 1320 1495 653-bb);

155 1517 213 1582 sed
237 1518 273 1580 in
296 1517 368 1581 istis
392 1515 544 1581 versibus
567 1523 699 1601 praeter
714 1515 756 1580 id
790 1516 912 1601 ipsum,
949 1514 1040 1600 quod
1063 1515 1191 1580 Noemo
1225 1515 1322 1580 deam

155 1624 321 1708 cognovit,
360 1624 445 1687 nihil
479 1623 670 1711 argumenti
693 1623 789 1702 inest,
825 1644 893 1708 quo
928 1622 969 1686 de
992 1623 1055 1687 hac
1083 1622 1161 1686 libri
1186 1626 1205 1690 d
1229 1628 1321 1708 parte

120 1816 123 1822 ,
151 1730 316 1816 judicium
340 1731 512 1796 faciamus

688 2034 711 2120 a
736 2035 785 2099 11.

239 2213 375 2277 Praeter
398 2213 592 2288 Memorem,
628 2234 731 2298 quem
765 2213 800 2277 in
838 2213 1007 2299 Odysseae
1043 2205 1192 2278 extrema
1227 2221 1320 2299 parte

100 2313 104 2322 ⁸
151 2322 230 2386 satis
253 2320 428 2404 vulgarem
451 2326 483 2384 et
506 2320 574 2384 lere
598 2318 804 2384 cotidianum
827 2321 955 2385 factum
979 2342 1050 2385 esse
1073 2320 1231 2400 vidimus,
1258 2321 1319 2404 ¹Mi·

151 2411 255 2493 nerva
278 2427 380 2492 semel
413 2433 545 2491 tantum
577 2427 724 2491 hominis
756 2427 957 2492 nominatim
986 2428 1143 2513 appellati
1175 2429 1320 2493 formam

151 2534 271 2613 induit,
308 2533 461 2599 versibus
487 2538 504 2614 ζ
529 2534 668 2611 13-47,
705 2534 763 2600 ubi
787 2535 965 2620 Dymantis
1001 2535 1087 2599 filiae
1123 2535 1185 2600 sub
1210 2537 1319 2621 specie

150 2642 354 2706 Nausicaam
377 2640 599 2705 dormientem
627 2647 824 2721 commovet,
849 2647 887 2706 ut
909 2642 1097 2706 futurarum
1123 2642 1319 2728 nuptiarum

150 2769 279 2859 memor
302 2747 405 2813 lintea
428 2747 524 2813 lavet.
693 2749 698 2759 “

239 2873 343 2938 Hunc
366 2894 445 2938 vero
469 2872 590 2951 locum,
615 2872 674 2938 ubi
690 2873 828 2938 omnino
845 2873 959 2938 omnia
982 2873 1141 2938 continuo
1166 2880 1319 2939 enarrata

153 2981 237 3046 bene
262 2979 455 3058 cebebant,
492 2979 610 3065 priscis
646 2980 853 3066 temporibus
888 3002 959 3045 esse
995 2988 1196 3066 conceptum
1219 2982 1319 3046 etiam
1393 3065 1395 3069 ι

152 3087 360 3173 argumentis
394 3108 411 3151 e
445 3086 544 3152 rebus
571 3087 694 3153 divinis
724 3088 836 3173 petitis
860 3086 1106 3173 comprobatur.
1164 3088 1319 3173 Namque

150 3196 311 3272 Minerva,
338 3215 425 3279 quae
449 3200 654 3259 commutata
678 3194 859 3273 descendit,
895 3217 964 3259 non
987 3195 1207 3280 cognoscitur,
1232 3194 1319 3259 Nau-

150 3303 274 3367 sicaam
298 3302 386 3366 comi
410 3301 558 3387 quadam
582 3323 659 3366 cum
682 3303 845 3387 gravitate
874 3303 1005 3381 affatur,
1036 3304 1127 3387 justa
1155 3302 1195 3367 de
1219 3324 1320 3367 causa
1400 3356 1409 3371 ..

149 3409 248 3475 rebus
273 3430 307 3474 se
331 3408 493 3473 admiscet
516 3406 584 3496 (cfr.
607 3408 710 3475 schol.
731 3409 827 3496 ζ31),
853 3430 939 3494 quae
956 3409 1112 3495 loquitur,
1137 3409 1320 3495 prudenter

149 3516 193 3581 ad
215 3515 427 3602 propositum
451 3514 690 3581 accommodat.
737 3517 904 3581 Nausicaa
927 3537 1016 3596 vero,
1041 3523 1222 3602 postquam
1245 3517 1317 3596 dea,

149 3645 253 3709 quam
289 3645 338 3690 vs.
362 3623 405 3686 13
429 3623 606 3688 accessisse
629 3623 782 3708 legimus,
818 3624 854 3688 in
878 3623 1063 3709 Olympum
1097 3623 1242 3703 revertit,
1278 3646 1320 3689 ex

147 3731 320 3797 voluntate
356 3730 427 3794 eius
471 3751 491 3794 a
519 3737 617 3815 ,patre
657 3751 804 3810 currum,
840 3752 908 3825 quo
943 3730 1046 3795 lintea
1079 3731 1230 3796 lavatum
1266 3752 1318 3797 ve

40 3850 48 3866 ·
148 3836 258 3913 hatur,
283 3839 375 3922 petit.

236 3963 375 4028 Poetam
431 3961 530 4026 haud
587 3982 729 4047 parvam
796 3984 933 4048 operam
987 3963 1023 4027 in
1080 3963 1142 4028 dea
1206 3962 1318 4048 depin-

147 4069 258 4157 genda
292 4090 434 4134 navasse
468 4069 635 4155 imprimis
670 4091 688 4134 e
722 4071 840 4149 forma,
878 4092 981 4155 quarn
1012 4071 1165 4136 Minerva
1198 4070 1317 4149 induit,

148 4177 367 4264 cognoscitur.
420 4176 508 4240 Nam
532 4197 610 4241 cum
634 4176 732 4242 deam
756 4198 825 4241 non
848 4183 1089 4242 commutatam
1123 4177 1225 4242 etiam
1248 4177 1319 4242 dor·

147 4285 266 4350 mienti
290 4304 450 4369 apparere
474 4285 578 4362 nefas,
613 4284 816 4363 ut'videtur‚
841 4290 983 4370 putaret,
1020 4306 1174 4350 ererum
1198 4292 1319 4350 natura

148 4392 314 4478 optimum
338 4390 559 4469 existimabat,
585 4396 622 4455 ut
645 4391 833 4457 Minervam
856 4391 983 4456 amicae
1007 4393 1152 4457 formam
1175 4391 1318 4457 induen-

147 4504 215 4565 tem
237 4500 368 4564 laceret.
429 4497 495 4563 Sed
528 4498 564 4561 in
588 4498 737 4584 duplices
761 4497 973 4563 difficultates
1002 4498 1202 4578 incurrebat,
1226 4497 1319 4586 quod
