3218 5332
689 327 909 392 ..42-

225 525 426 610 compositos
450 524 627 604 existimat,
651 524 830 590 Kirchhoff
852 523 917 610 (pg.
942 522 1019 610 498)
1054 528 1166 588 autem
1188 544 1305 590 versus
1327 523 1392 589 etsi

229 654 298 696 non
322 632 436 711 bonos,
461 639 574 697 tamen
597 654 666 711 non
688 631 908 696 includendos
932 637 1051 696 censet.
1110 630 1220 715 Atque
1254 653 1392 697 revera

227 760 353 817 omnes
378 760 463 825 quos
486 739 708 818 laudavimus,
744 739 807 805 viri
842 738 930 809 docti
965 738 1071 822 magis
1105 737 1255 822 ipsorum
1289 760 1391 824 sensu

228 867 331 930 quam
356 847 452 911 certis
476 846 585 911 causis
608 847 750 931 permoti
786 846 826 910 de
860 845 924 910 hoc
948 845 1019 909 loco
1042 826 1206 929 judicium
1228 845 1389 911 lecerunt.

225 954 363 1018 Meister
398 954 498 1033 enim,
535 954 594 1038 qui
618 953 789 1017 contendit
811 952 1072 1017 interiectionem
1094 948 1133 1018 ‘a
1160 953 1277 1019 norro?
1301 948 1392 1039 (200)

223 1061 379 1125 nonnisi
403 1061 438 1124 10
462 1061 651 1124 orationum
685 1061 789 1124 initiis
820 1059 963 1144 positam
987 1080 1067 1136 esse,
1103 1058 1259 1142 neglexit,
1296 1060 1390 1144 quod

158 1188 166 1202 ·
223 1168 319 1232 1109
344 1168 447 1246 Ξ40,
472 1166 499 1229 Ρ
526 1167 585 1230 171
610 1167 656 1235 ‘o'i
679 1160 801 1235 adnor'
835 1166 954 1231 mediis
989 1166 1025 1230 in
1060 1165 1264 1231 orationibus
1298 1167 1390 1232 inve-

222 1275 314 1339 nitur
348 1274 523 1361 (Kammer
556 1296 610 1359 pg.
647 1275 747 1361 551).'
791 1274 954 1338 Kammer
989 1270 1020 1358 11.
1055 1271 1088 1350 11
1123 1294 1161 1337 eo
1196 1273 1388 1353 offenditur,

223 1381 314 1466 quod
339 1381 454 1448 Ulixes
478 1382 514 1445 in
537 1387 630 1445 tanto
654 1381 846 1446 discrimine
877 1401 988 1445 rerum
1013 1379 1054 1444 de
1077 1380 1267 1445 Phaeacum
1290 1379 1388 1446 donis

222 1488 325 1553 verba
347 1489 448 1566 lacit,
484 1495 571 1553 recte
595 1488 742 1574 quidem,
768 1486 825 1552 sed
849 1508 933 1551 num
956 1487 994 1565 10,
1019 1487 1078 1572 qui
1101 1487 1246 1570 reliquos
1269 1509 1388 1554 versus

223 1617 292 1660 non
324 1592 469 1660 offensos
504 1596 664 1680 concepit,
700 1586 790 1660 idem
830 1595 978 1673 senserit,
1014 1615 1082 1659 non
1118 1594 1240 1679 liquet,
1276 1617 1387 1680 neque

224 1703 314 1768 idem
345 1703 560 1780 demonstrat,
594 1724 654 1767 cur
687 1725 754 1767 non
779 1703 844 1767 nisi
867 1702 1138 1787 perversissimus
1171 1702 1387 1786 interpolator

222 1810 275 1897 (=
296 1809 573 1875 »verschrobeuer
588 1808 806 1895 Rhapsode«)
822 1809 954 1874 Ulixem
968 1815 1139 1893 optantem
1151 1809 1258 1873 lacere
1270 1810 1385 1894 possit,

221 1924 260 1981 ut
288 1916 331 1981 ad
353 1917 457 1981 alium
485 1920 712 2003 (ὑπερμενέων
734 1909 918 2001 βασιλήων’
941 1915 1077 1994 (00111001
1099 1915 1186 1980 inter
1208 1915 1387 2003 Phaeaces)

220 2024 359 2089 venerit.
419 2024 511 2099 Quas
547 2024 590 2087 ad
613 2025 814 2088 offensiones
848 2023 987 2101 addunt,
1022 2022 1114 2107 quod
1137 2044 1185 2087 vs.
1209 2009 1385 2088 200--202

221 2132 321 2195 ctiam
362 2131 435 2195 aliis
478 2131 514 2194 in
546 2131 625 2195 locis
653 2131 873 2196 inveniuntur
908 2127 962 2215 (--
987 2133 1004 2208 ζ
1029 2129 1189 2194 119-21.
1216 2128 1315 2204 20011
1342 2161 1385 2186 =

221 2268 232 2304 ι
259 2237 388 2314 175176.
415 2236 515 2322 20112
540 2238 597 2317 clr,
622 2246 649 2305 0
673 2237 802 2324 571116);
839 2237 897 2302 sed
932 2257 1009 2302 cum
1033 2236 1149 2302 Ulixes
1185 2237 1318 2322 saepius
1341 2237 1385 2302 ad

220 2352 323 2410 terras
347 2344 471 2409 alienas
495 2344 679 2430 depellatur
702 2366 812 2430 neque
846 2345 909 2409 hoc
939 2344 1010 2408 loco
1035 2345 1275 2409 sententiarum
1298 2365 1407 2409 com·
1434 2355 1436 2358 ’

221 2473 323 2537 pagos
358 2457 416 2515 aut
450 2457 659 2537 pervertatur
689 2459 748 2517 aut
770 2451 955 2529 dirimatur,
990 2451 1090 2516 etiam
1125 2444 1241 2517 versus
1275 2452 1384 2517 iterati

221 2565 494 2643 argumentorum
511 2559 617 2624 instar
632 2581 701 2624 nou
717 2560 892 2624 habentur.
926 2559 1021 2635 Quae
1045 2578 1122 2623 cum
1144 2558 1191 2622 ita
1214 2558 1290 2637 sint,
1315 2580 1400 2624 non·

219 2666 364 2729 multum
388 2665 489 2744 abest,
527 2667 610 2750 quin
633 2666 843 2731 Kirchholfio
877 2667 913 2730 in
936 2665 1087 2731 versibus
1112 2666 1385 2730 200-2081011-

221 2772 341 2837 nendis
364 2772 601 2837 adsentiamur.
660 2774 705 2838 At
727 2780 840 2838 tamen
864 2779 922 2851 est,
958 2770 1049 2859 quod
1084 2772 1200 2836 obstat.
1257 2772 1385 2838 Versus

115 2861 121 2875 ’
214 2880 565 2945 00101204-60010
589 2880 740 2946 versibus
764 2881 915 2945 200-11
941 2902 1010 2944 000
1033 2878 1260 2959 00000011001;
1302 2902 1382 2944 nam

218 3007 296 3052 cum
329 2987 444 3052 Ulixes
481 2993 582 3071 optat,
617 2993 655 3052 ut
689 2987 731 3051 ab
766 2987 831 3051 alio
865 2985 1087 3076 ίὑπερμενέων
1116 2985 1301 3072 βασιλήων’
1337 3009 1385 3052 re-

217 3093 340 3157 missus
365 3100 459 3170 esset,
485 3101 571 3158 certe
595 3094 740 3178 reliquos
765 3094 955 3160 Phaeacum
980 3093 1079 3158 duces
1102 3099 1233 3178 praeter
1252 3092 1383 3158 Alcino-

218 3222 276 3265 um
301 3201 464 3286 siguificat
498 3200 565 3287 (cfr.
592 3202 755 3266 Kammer
778 3203 797 3265 l.
822 3201 864 3289 1.),
901 3223 956 3267 vsa
974 3201 1039 3265 210
1068 3207 1180 3265 autem
1215 3201 1286 3285 ipse
1309 3223 1383 3286 pro-

217 3309 327 3372 fitetur
344 3296 395 3372 ⁴se
419 3330 439 3371 a
462 3307 652 3373 Phaeacum
688 3308 829 3373 ducibus
853 3309 1031 3373 remissurn
1066 3329 1137 3372 esse
1167 3308 1237 3387 (cfr.
1263 3309 1383 3394 1353)

218 3415 348 3479 Alcinoi
371 3415 507 3479 nomine
531 3437 599 3480 non
623 3422 892 3480 commemorato.
925 3416 1075 3500 Apparet
1097 3415 1199 3499 igitur
1222 3421 1382 3501 utrosque

118 3545 120 3548 ·
217 3543 333 3587 versus
357 3543 426 3586 una
449 3528 549 3607 atque
574 3522 689 3587 eadem
707 3514 855 3587 oratione
872 3522 1033 3587 contineri
1049 3543 1118 3586 non
1142 3542 1248 3606 posse.
1281 3521 1383 3588 Nunc

215 3631 303 3706 vero,
336 3651 413 3693 cum
436 3629 661 3695 intelleximus
696 3636 849 3714 apertum
883 3629 1004 3695 vitium
1028 3628 1179 3695 versibus
1204 3629 1382 3695 200--214

203 3736 333 3811 inesse,
358 3758 406 3813 ea,
431 3757 517 3821 quae
541 3737 604 3801 viri
628 3737 715 3801 docti
739 3736 805 3801 alia
827 3735 1121 3821 reprehenderunt,
1158 3735 1301 3800 multum
1326 3759 1382 3802 va·
1431 3742 1434 3747 ’

216 3842 285 3906 1001
319 3843 359 3906 ad
396 3844 685 3928 interpolationem
721 3843 1005 3928 cognoscendam;
1042 3864 1186 3928 quorum
1217 3842 1260 3906 ad
1283 3864 1381 3929 argu-

216 3957 330 4014 menta
353 3951 452 4014 etiam
476 3950 539 4014 hoc
562 3950 728 4029 addimus,
754 3951 845 4035 quod
868 3973 915 4017 vs.
942 3949 1043 4026 20718
1067 3956 1165 4035 poeta
1195 3949 1301 4014 dicere
1325 3973 1380 4016 ne-

215 4057 327 4141 glexit,
378 4057 542 4142 quidnam
581 4057 696 4122 Ulixes
734 4057 936 4122 abscondere
974 4064 1033 4123 aut
1077 4079 1146 4121 non
1191 4056 1381 4142 relinquere

214 4163 328 4242 vellet,
360 4185 507 4249 namque
543 4186 620 4229 eum
653 4163 693 4229 de
722 4165 913 4229 Phaeacum
948 4163 1044 4228 donis
1079 4163 1181 4229 verba
1217 4164 1325 4230 lacere
1360 4188 1380 4230 0

215 4271 386 4335 sententiis
418 4270 693 4355 praecedentibus
739 4294 808 4336 non
843 4271 1179 4356 subintellegendum,
1216 4270 1275 4336 sed
1309 4273 1379 4338 lere

215 4377 437 4442 divinandum
461 4383 519 4455 est,
711 4451 717 4465 ι

200 4501 202 4505 ’
305 4484 418 4550 Ulixes
453 4484 564 4569 igitur,
599 4484 751 4551 versibus
775 4486 951 4550 200-208
986 4484 1174 4564 eliminatis,
1210 4485 1251 4550 de
1275 4486 1379 4553 Phae-
