3218 5332
694 313 912 379 „58-

219 509 467 595 expeditionem
490 509 725 589 communicat,
751 509 842 596 qued
865 509 956 574 idem
978 510 1065 575 inter
1088 531 1215 588 causae,
1245 530 1305 574 eur
1328 508 1389 573 Mi-

219 639 323 683 nerva
347 640 380 682 se
405 619 600 696 immisceat,
626 640 695 682 non
719 625 942 682 enumeratur.
984 618 1104 702 Atque,
1118 624 1167 681 'ut
1189 638 1230 681 ex
1254 639 1302 682 vs,
1320 616 1389 681 440

218 731 366 809 apparet,
403 714 461 789 uhi
485 726 647 802 Minerva,
684 732 722 789 ut
757 725 995 789 Telemachum
1034 729 1186 803 arcessat,
1231 723 1310 802 abit,
1350 722 1391 786 hi

220 853 334 897 versus
359 832 400 897 ab
425 832 542 897 eodem
567 831 742 917 compositi
766 837 853 909 sunt,
880 831 938 916 qui
961 831 1073 899 librid
1096 831 1198 896 finem
1222 838 1254 897 et
1277 830 1389 895 librio

218 939 353 1003 initium
369 940 581 1024 conseripsit;
606 940 697 1003 hunc
713 961 792 1005 vero
808 939 1042 1003 recentissimis
1065 938 1273 1023 temporibus
1296 939 1389 1003 Tele-

218 1047 386 1111 machiam
421 1068 499 1112 eum
523 1046 674 1132 Odyssea
706 1046 919 1111 coniunxisse
955 1052 988 1110 et
1010 1045 1189 1112 Kirehhoff
1218 1040 1283 1133 (pg
1313 1046 1387 1113 120.

217 1153 292 1217 492.
317 1154 382 1218 502
407 1152 469 1240 sq.)
507 1161 540 1219 et
562 1153 774 1219 Wilamovitz
803 1152 889 1238 (15)
924 1153 970 1217 ita
1001 1153 1314 1238 comprobaverunt,
1350 1161 1391 1219 ut

218 1281 334 1324 eorum
358 1261 502 1325 rationes
527 1267 673 1345 repetere
698 1259 912 1346 supersedere
928 1260 1063 1345 possim.
1097 1260 1219 1324 Nostra
1240 1261 1390 1327 maxime

217 1367 364 1446 interest,
400 1367 491 1452 quod
526 1373 657 1453 praeter
680 1374 879 1452 argumenta
902 1367 944 1431 ab
968 1367 1033 1431 illis
1057 1367 1157 1431 allata
1180 1367 1281 1431 etiam
1306 1390 1389 1434 ere·

219 1473 281 1539 bus
305 1474 429 1540 divinis
453 1475 604 1553 efficitur,
642 1481 750 1540 utve.
775 1475 840 1538 412
865 1497 913 1560 sq.
932 1474 1185 1539 ‘recentissimae
1209 1476 1310 1539 aetati
1333 1477 1390 1540 tri-

218 1580 343 1646 buendi
368 1583 442 1646 sint.
502 1582 655 1648 Minerva
678 1583 777 1660 enim,
803 1604 881 1646 eum
904 1581 1143 1673 Telemachum
1167 1582 1391 1666 tranquillum

218 1688 309 1774 apud
344 1689 534 1753 Menelaum
551 1753 554 1759 ,
570 1689 683 1754 sedere
720 1689 800 1753 dicit
834 1686 951 1774 (ἕκηλος
986 1680 1081 1776 ἧσται
1109 1689 1173 1753 423
1209 1687 1281 1782 sq),
1317 1712 1390 1755 nen

218 1803 321 1874 curat,
346 1795 437 1881 quod
462 1796 681 1862 Telemachus
704 1797 776 1882 ipse
800 1796 835 1881 (d
857 1796 922 1861 594
947 1796 1020 1883 sq),
1044 1803 1082 1860 ut
1104 1796 1155 1860 fas
1179 1802 1237 1874 est,
1262 1819 1391 1882 magna

218 1925 294 1968 cum
319 1904 531 1968 festinatione
555 1904 699 1980 reditum
723 1904 831 1989 poscit
854 1902 921 1990 (cfr.
948 1904 1088 1989 Kayser,
1113 1924 1166 1988 pg.
1193 1904 1258 1988 38).
1284 1903 1390 1970 'Prae-

218 2018 309 2075 terea
344 2017 376 2075 et
400 2010 462 2076 dea
485 2016 517 2075 et
541 2010 656 2075 Ulixes
692 2011 843 2076 divinam
879 2011 1110 2076 auctoritatem
1145 2010 1244 2096 plane
1280 2012 1390 2096 negle-

217 2124 303 2201 gunt
326 2125 358 2182 et
382 2118 586 2203 despiciunt:
623 2118 676 2182 hic
706 2119 806 2197 enini,
843 2117 901 2182 ubi
924 2106 1163 2182 Telemachum
1198 2120 1389 2203 profectum

219 2246 289 2289 esse
327 2224 430 2302 audit,
465 2225 653 2291 Minervam
689 2225 768 2290 satis
791 2224 951 2310 gravibus
974 2224 1085 2290 verbis
1108 2225 1267 2310 increpat.
1313 2226 1392 2318 Dea

218 2338 331 2396 autem
355 2355 424 2396 non
448 2333 547 2397 modo
572 2333 718 2398 hominis
753 2332 901 2397 mortalis
933 2332 1139 2417 impietatem
1163 2354 1232 2396 non
1256 2335 1390 2398 restrin-

217 2440 275 2523 git,
311 2423 430 2505 veiuin
454 2439 536 2505 adeo
561 2440 733 2525 dignitatis
757 2462 837 2505 suae
861 2440 1038 2504 immemor
1061 2445 1118 2518 est,
1137 2525 1140 2531 Ι
1159 2445 1194 2503 ut
1227 2460 1300 2505 sese
1335 2463 1389 2505 ex-

217 2554 319 2624 cuset,
355 2568 432 2610 eum
457 2548 610 2626 rationes
648 2546 770 2632 quibus
795 2553 946 2632 permota
969 2547 1020 2624 sit,
1051 2545 1160 2611 addat.
1220 2545 1389 2612 Videmus

123 2703 126 2709 .
217 2653 319 2737 igitur
343 2652 474 2719 divinas
502 2654 736 2739 humanasque
773 2676 824 2719 res
858 2654 905 2718 ita
939 2675 1122 2739 perversae,
1158 2660 1196 2719 ut
1228 2655 1389 2720 mortales

217 2762 344 2846 majore
369 2762 563 2826 auctoritate
588 2782 691 2845 quam
715 2761 768 2825 dei
791 2768 938 2826 utantur.

305 2867 378 2931 lam
413 2889 491 2932 vero
526 2874 706 2954 postquam
741 2890 868 2946 causas,
905 2867 1028 2954 quibus
1059 2874 1211 2953 pemiota
1234 2869 1390 2934 Minerva

217 2997 288 3040 sese
312 2974 536 3053 admiscuerit,
561 2976 787 3054 tractavimus,
824 2977 1016 3061 perquirere
1052 2981 1189 3059 oportet,
1228 2998 1298 3061 qua
1331 2977 1390 3041 via
1419 2990 1425 3000 '

217 3105 255 3146 ae
289 3083 416 3146 ratione
451 3083 621 3168 proposita
666 3083 848 3168 perfecerit,
884 3083 938 3148 vel
972 3089 1010 3147 ut
1043 3083 1230 3147 accuratius
1265 3082 1388 3162 dicam,

217 3189 386 3275 quomodo
410 3213 486 3254 eum
512 3191 610 3255 Ulixe
634 3191 811 3255 consilium
834 3190 973 3267 inierit·
991 3211 1043 3254 res
1075 3190 1266 3255 ithacenses
1300 3211 1388 3255 cem-

129 3340 132 3348 ·
217 3298 447 3375 nmnicaverit,
484 3297 573 3375 dona
605 3298 828 3362 occultaverit.
887 3298 933 3363 Ut
960 3297 1100 3362 abhoc
1130 3297 1265 3361 initium
1289 3299 1389 3387 lacia-

216 3426 310 3469 mus:
343 3405 494 3470 Minerva
517 3405 660 3470 latebras
684 3411 910 3490 perscrutatur
934 3403 1030 3490 (366),
1066 3426 1126 3490 per
1161 3426 1245 3489 quas
1271 3405 1389 3472 Ulixes

217 3511 305 3576 dona
341 3512 425 3577 bene
461 3495 608 3597 disponit
633 3514 727 3593 (370),
764 3519 933 3597 postremo
962 3511 1108 3596 lapidem
1131 3512 1166 3575 in
1190 3512 1278 3576 antri
1301 3514 1389 3578 ostio

186 3619 376 3698 '·eelloeat„·
402 3620 574 3705 provincia
591 3621 693 3704 igitur
709 3641 778 3698 sua,
804 3619 971 3704 siquidem
995 3618 1083 3683 dona
1106 3619 1189 3683 tanti
1206 3619 1388 3701 existimat,

216 3734 253 3790 ut
277 3728 349 3811 ipsa
373 3749 412 3791 ea
435 3726 671 3791 aihseondenda
688 3782 690 3787 .
706 3733 807 3805 curet,
843 3749 911 3790 non
943 3726 1030 3790 male
1066 3726 1225 3811 fungitur.
1286 3728 1390 3803 Quod

217 3834 393 3898 consilium
418 3834 619 3919 capiendum
644 3834 771 3911 attinet,
809 3835 957 3918 primum
983 3855 1020 3897 eo
1044 3833 1257 3911 offendimur,
1294 3836 1390 3918 quod

216 3963 268 4005 res
292 3942 364 4013 lert,
390 3949 428 4006 ut
451 3942 522 4018 dea,
548 3963 634 4025 quae
658 3943 787 4006 lactura
811 3954 869 4023 est,
893 3947 991 4005 antea
1014 3962 1091 4005 cum
1119 3941 1214 4006 Ulixe
1239 3962 1389 4007 eommu-

216 4049 313 4125 nicet,
351 4066 426 4112 cum
463 4049 544 4112 alias
584 4048 635 4111 dei
672 4071 739 4112 non
764 4049 829 4112 nisi
852 4049 886 4111 in
912 4047 1103 4113 discrimine
1127 4069 1239 4112 rerum
1263 4047 1304 4112 de
1327 4049 1390 4114 im-

215 4155 349 4240 proviso
383 4155 599 4232 intercedant,
636 4161 674 4218 ut
698 4177 738 4219 ex
762 4154 974 4220 Telemachia
1003 4162 1035 4219 et
1057 4155 1248 4219 Phaeacum
1271 4154 1391 4222 fabula

215 4262 443 4345 cognovimus
503 4263 591 4326 Tum
626 4284 705 4327 vem
742 4263 820 4326 satis
855 4262 980 4326 mirum
1012 4269 1070 4339 est,
1107 4261 1199 4347 quod
1222 4262 1389 4342 Minerva,

215 4390 292 4433 eum
318 4368 370 4433 dei
395 4368 477 4433 alias
501 4369 566 4453 ipsi
590 4364 727 4433 consilia
751 4369 894 4454 capiant,
924 4369 958 4431 in
984 4368 1067 4433 libro
1092 4368 1133 4438 21²
1157 4390 1191 4433 se
1215 4350 1390 4435 unacum
1420 4382 1423 4389 '

151 4492 155 4500 “
215 4475 314 4545 Ulixe
339 4476 516 4542 eonsilium
540 4477 700 4540 inituram
724 4497 795 4541 esse
819 4475 895 4562 plus
919 4475 1021 4540 semel
1044 4477 1217 4562 profitetur
1247 4474 1312 4562 (tva
1338 4506 1391 4545 τοι
