3218 5332
691 283 907 350 ..56-

214 480 300 568 ginti
335 502 441 546 annos
476 479 680 546 versabatur.
739 481 879 545 Summa
913 486 1026 545 autem
1049 479 1129 545 artis
1151 479 1187 544 in
1212 489 1249 544 eo
1273 477 1390 564 posita

216 596 275 667 est,
311 588 402 674 quod
426 595 524 673 poeta
547 608 617 652 rem
641 588 688 652 ita
710 589 877 666 instruxit,
914 594 961 666 ut,
993 588 1051 673 qui
1075 586 1228 666 audiunt,
1263 609 1388 653 unum-

216 717 386 782 quemque
416 696 537 773 locum,
575 693 639 759 ubi·
660 696 809 780 primum
832 695 1032 760 nominatim
1056 694 1243 780 appellatus
1268 700 1329 776 est,
1369 717 1389 760 e

216 802 347 868 nebulis
363 809 537 888 tamquam
554 809 779 887 emergentem
800 802 912 868 videre
930 803 1121 867 existiment
1143 800 1211 888 (etr.
1231 801 1332 866 schol.
1355 803 1389 878 Q

216 908 259 975 ad
283 939 301 977 v
325 908 410 996 352).
469 909 644 974 Praeterea
667 931 800 975 summa
823 910 1042 974 admiratione
1066 908 1208 993 dignum
1231 916 1290 987 est,
1315 931 1389 994 qua

216 1023 285 1082 arte
308 1023 407 1102 poeta
430 1016 564 1082 Ulixem
599 1016 649 1080 bis
685 1017 828 1101 patriam
862 1023 1126 1101 cognoscentem,
1163 1015 1214 1080 bis
1248 1016 1389 1100 cognita

215 1123 419 1208 gaudentem
452 1123 572 1188 lecerit.
632 1123 766 1212 Etenim
802 1122 997 1188 adulescens
1033 1123 1181 1208 primurn
1216 1122 1258 1187 ab
1283 1122 1387 1188 Ulixe

217 1232 450 1322 interrogatus
494 1251 571 1294 cum
606 1231 735 1296 insulae
769 1231 885 1295 laudes
920 1253 958 1295 ac
993 1230 1232 1316 praestantiam
1271 1231 1386 1309 reiert,

215 1360 340 1403 nomen
362 1338 475 1423 ipsum
498 1338 675 1423 postremis
699 1338 836 1402 demum
859 1338 970 1404 verbis
993 1337 1185 1427 addimus
1208 1359 1298 1415 vero,
1323 1337 1386 1402 ubi

215 1466 340 1509 nomen
374 1444 513 1523 audivit,
550 1445 740 1510 vehementi
763 1445 886 1530 gaudio
911 1451 1148 1510 commovetur.
1208 1443 1274 1509 Sed
1297 1445 1386 1509 nihi-

215 1551 362 1616 lominus
393 1551 503 1616 subito
519 1551 642 1636 gaudio
667 1572 816 1636 represso
832 1552 868 1615 in
885 1551 1129 1616 dubitationem
1152 1551 1279 1629 recidit,
1304 1572 1388 1616 cum

215 1657 347 1723 nebulis
389 1657 542 1722 nondum
578 1657 709 1723 diffusis
743 1659 892 1723 locorum
928 1658 1011 1722 nihil
1046 1664 1213 1742 agnoscat,
1249 1679 1319 1743 qua
1350 1681 1387 1723 re

215 1765 338 1829 iterum
370 1786 464 1829 mora
487 1763 653 1849 quaedam
678 1764 776 1829 rebus
800 1766 947 1841 affertur,
983 1764 1074 1849 quod
1107 1764 1285 1830 artificium
1314 1787 1388 1830 non

216 1871 281 1936 nisi
315 1872 350 1935 in
374 1871 565 1936 Phaeacum
600 1871 714 1935 fabula
749 1878 857 1937 exstat
891 1870 958 1958 (eir.
995 1894 1050 1957 pg.
1089 1873 1140 1937 36.
1174 1870 1238 1958 47).
1262 1932 1268 1944 ,
1294 1873 1387 1938 Tum

215 1999 295 2044 vero
329 1979 365 2042 in
398 2000 530 2043 summo
560 1979 825 2063 exspectationis,
860 1978 984 2064 gaudii,
1022 1979 1239 2044 dubitationis
1272 1980 1387 2045 discri-

216 2086 307 2149 mine
330 2084 373 2149 ad
397 2085 618 2150 adulescentis
641 2106 753 2170 genua
775 2088 944 2171 projectus
967 2085 1054 2173 (231)
1086 2107 1147 2172 per
1175 2093 1305 2172 patrem
1329 2087 1391 2152 ob?

217 2199 338 2270 socrat,
380 2214 464 2255 num
498 2214 533 2256 re
567 2214 647 2258 vera
686 2193 722 2256 in
757 2194 900 2278 patriam
935 2192 1076 2258 redierit.
1139 2193 1243 2261 Vides
1281 2194 1389 2279 igitur

216 2305 332 2377 artem,
357 2321 425 2384 qua
447 2299 529 2364 haec
553 2321 630 2385 pars
646 2300 834 2386 conscripta
857 2307 915 2378 est,
940 2307 1008 2364 toto
1031 2301 1131 2379 coelo,
1156 2301 1249 2385 quod
1277 2301 1386 2380 aiunt,

218 2405 260 2469 ab
285 2407 404 2471 inertia
428 2407 509 2485 eius,
544 2407 603 2493 qui
627 2407 843 2497 epiphaniam
867 2406 909 2475 v²
932 2407 1093 2492 concepit,
1129 2407 1271 2486 differre,
1306 2430 1388 2474 cum

219 2513 354 2598 ingenio
379 2513 460 2592 eiuS,
486 2515 544 2599 qui
567 2514 713 2599 priorem
737 2521 866 2599 partem
889 2515 976 2593 lecit,
1002 2514 1100 2599 plane
1125 2515 1332 2600 respondeat.

308 2620 437 2685 Verum
460 2627 583 2699 tamen,
609 2622 636 2686 si
659 2644 708 2686 ve.
735 2651 753 2689 ι
776 2622 930 2685 324-29
949 2621 1159 2704 -1-344-60
1183 2620 1225 2686 ab
1249 2624 1387 2709 epipha-

218 2726 294 2791 niae
327 2730 367 2794 v¹
400 2734 498 2812 poeta
515 2728 565 2804 ,h.
591 2749 616 2794 e.
655 2728 765 2813 prisca
800 2735 907 2793 aetate
946 2729 1098 2813 concepti
1129 2736 1216 2808 sunt,
1253 2751 1294 2794 ox
1326 2732 1386 2810 eis,

219 2856 305 2918 quas
328 2856 430 2919 supra
453 2835 640 2920 priscorum
673 2842 862 2920 temporum
893 2836 1028 2920 propria
1052 2837 1280 2920 cognovimus
1313 2839 1388 2903 fieri

218 2963 287 3005 non
311 2948 428 3026 potest,
454 2943 537 3027 quin
560 2942 712 3007 Minerva
735 2943 905 3027 incognita
936 2964 1013 3007 curn
1038 2943 1135 3008 Ulixe
1166 2944 1387 3030 colloquatur.

118 3028 126 3043 ⁹
218 3049 262 3112 Et
285 3070 319 3112 re
344 3070 422 3114 vera
445 3070 462 3113 e
487 3048 639 3114 versibus
662 3050 744 3134 ipsis
767 3050 971 3135 intellegitur
1001 3050 1100 3115 deam
1122 3073 1191 3115 non
1215 3053 1388 3137 cognitam

219 3177 298 3220 esse.
358 3156 512 3241 Namque
547 3157 796 3242 ineptissimum
831 3163 889 3235 est,
926 3157 1015 3242 quod
1041 3158 1166 3236 Ulixes,
1202 3160 1270 3244 qui,
1306 3182 1388 3226 cum

219 3262 440 3327 adulescentis
475 3263 577 3328 verba
611 3264 806 3349 perciperet,
840 3264 1055 3330 vehementer
1087 3265 1264 3350 gaudebat,
1300 3274 1387 3348 tum,

219 3391 296 3434 cum
320 3370 477 3454 cognovit
505 3370 567 3434 sibi
592 3392 668 3435 cum
693 3370 764 3448 dea,
801 3372 896 3436 cuius
920 3372 1024 3436 tutela
1047 3394 1178 3457 semper
1201 3373 1387 3455 fruebatur,

123 3524 127 3530 =
219 3498 290 3541 rem
325 3498 405 3554 esse,
439 3477 530 3561 quod
553 3484 625 3542 tum
650 3478 730 3543 deae
761 3477 871 3544 verbis
895 3479 996 3555 fidem
1023 3501 1092 3544 non
1115 3479 1266 3560 adhibet3
1303 3482 1389 3548 haec

219 3584 310 3649 enirn
344 3585 540 3669 praesertim
574 3607 615 3650 ex
654 3586 710 3663 eia,
751 3607 837 3671 quae
872 3609 920 3652 vs.
957 3588 1022 3652 300
1057 3610 1104 3672 sq.
1141 3585 1192 3672 (ἐν
1227 3591 1389 3660 πάντεσσι

118 3759 120 3764 ,
218 3693 346 3760 πόνοισι
366 3704 573 3781 παρίσταμαι
591 3697 658 3760 κτλ.
683 3687 1161 3784 νῦναῧόεῦρ’ὶκόμηνκτλ.)θῒ
1189 3719 1236 3762 vs
1255 3699 1320 3761 313
1334 3721 1386 3786 sq.
1472 3728 1475 3735 ·

219 3793 268 3886 (sci
298 3799 375 3866 οῗόα
401 3796 519 3885 dacum
543 3798 648 3890 πάρος
677 3804 757 3886 ἠπίη
789 3795 880 3887 ἦσθα
912 3806 976 3869 κτλ.
1039 3805 1194 3891 Φαιήκων
1228 3806 1265 3873 ἐν
1293 3807 1388 3896 δήμῳ

219 3909 393 3998 septuag
409 3916 466 3974 καὶ
482 3909 515 3986 ἐς
531 3909 630 3976 πόλιν
647 3904 764 3993 ἤγαγες
781 3907 877 3995 αὐτή)
895 3916 1083 3989 narrantur,
1107 3911 1143 3974 in
1159 3912 1389 3996 suspicionem

219 4013 364 4079 incidere
388 4035 456 4077 non
481 4021 597 4099 potest,
621 4037 664 4078 no
691 4015 823 4080 Ulixem
846 4015 982 4080 irrideat
1004 4023 1063 4080 aut
1082 4017 1266 4083 mendaciis
1281 4020 1387 4101 fallat,

220 4128 252 4187 et
275 4142 323 4198 ec,
354 4120 446 4205 quod
472 4121 585 4186 Ulixes
619 4144 666 4187 vs.
692 4124 756 4187 326
780 4123 961 4208 profitetur,
987 4124 1102 4189 timere
1126 4147 1160 4189 se
1184 4147 1226 4190 ne
1257 4125 1299 4192 ab
1329 4128 1406 4194 illa‘

219 4228 405 4306 irrideatur,
433 4228 542 4292 solum
566 4228 810 4314 comprobatur,
847 4252 963 4295 omnes
996 4230 1056 4295 lios
1086 4253 1202 4297 versus
1229 4233 1321 4299 huno
1349 4236 1388 4300 in

219 4336 330 4400 locum
354 4335 440 4399 male
465 4335 639 4400 collocatos
663 4358 742 4401 esse.
781 4337 815 4401 Si
838 4359 917 4403 vero
941 4337 1056 4403 Ulixes
1081 4338 1235 4405 divinum
1258 4341 1388 4409 adules-

220 4447 350 4507 centem
370 4442 439 4528 (cfr.
457 4464 512 4527 pg.
531 4443 584 4530 33)
608 4445 739 4521 affatur,
757 4445 880 4522 omnia,
899 4452 936 4509 ut
952 4467 1054 4529 supra
1069 4445 1387 4532 demonstravimus
