<?xml version="1.0" encoding="UTF-8"?>
<!DOCTYPE html PUBLIC "-//W3C//DTD XHTML 1.0 Transitional//EN"
    "http://www.w3.org/TR/xhtml1/DTD/xhtml1-transitional.dtd">
<html xmlns="http://www.w3.org/1999/xhtml" xml:lang="en" lang="en">
 <head>
  <title>
</title>
<meta http-equiv="Content-Type" content="text/html;charset=utf-8" />
  <meta name='ocr-system' content='tesseract 3.04.00' />
  <meta name='ocr-capabilities' content='ocr_page ocr_carea ocr_par ocr_line ocrx_word'/>
</head>
<body>
  <div class='ocr_page' id='page_1' title='image "./quomododeiinhom00diedgoog_0073.png"; bbox 0 0 3218 5332; ppageno 0'>
   <div class='ocr_carea' id='block_1_1' title="bbox 706 339 924 404">
    <p class='ocr_par' dir='ltr' id='par_1_1' title="bbox 706 339 924 404">
     <span class='ocr_line' id='line_1_1' title="bbox 706 339 924 404; baseline 0 -19"><span class='ocrx_word' id='word_1_1' title='bbox 706 339 924 404; x_wconf 73' lang='lat'><strong>..62-</strong></span> 
     </span>
    </p>
   </div>
   <div class='ocr_carea' id='block_1_2' title="bbox 138 526 1439 4568">
    <p class='ocr_par' dir='ltr' id='par_1_2' title="bbox 138 526 1439 3836">
     <span class='ocr_line' id='line_1_2' title="bbox 230 526 1404 620; baseline -0.003 -20"><span class='ocrx_word' id='word_1_2' title='bbox 230 526 432 620; x_wconf 84' lang='lat' dir='ltr'>excogitavit</span> <span class='ocrx_word' id='word_1_3' title='bbox 455 555 659 620; x_wconf 81' lang='lat' dir='ltr'>operamque</span> <span class='ocrx_word' id='word_1_4' title='bbox 683 535 829 610; x_wconf 91' lang='lat' dir='ltr'>navavit,</span> <span class='ocrx_word' id='word_1_5' title='bbox 855 540 901 613; x_wconf 90' lang='lat' dir='ltr'>ut,</span> <span class='ocrx_word' id='word_1_6' title='bbox 927 554 1013 618; x_wconf 89' lang='lat' dir='ltr'>quae</span> <span class='ocrx_word' id='word_1_7' title='bbox 1037 555 1126 600; x_wconf 88' lang='lat' dir='ltr'>nova</span> <span class='ocrx_word' id='word_1_8' title='bbox 1148 533 1331 612; x_wconf 88' lang='lat' dir='ltr'>constituit,</span> <span class='ocrx_word' id='word_1_9' title='bbox 1357 532 1404 597; x_wconf 85' lang='lat' dir='ltr'>ad</span> 
     </span>
     <span class='ocr_line' id='line_1_3' title="bbox 138 623 1403 728; baseline -0.002 -22"><span class='ocrx_word' id='word_1_10' title='bbox 138 623 141 629; x_wconf 35' lang='lat'>¹</span> <span class='ocrx_word' id='word_1_11' title='bbox 231 645 332 707; x_wconf 87' lang='lat' dir='ltr'>linem</span> <span class='ocrx_word' id='word_1_12' title='bbox 359 642 563 728; x_wconf 90' lang='lat' dir='ltr'>perduceret.</span> <span class='ocrx_word' id='word_1_13' title='bbox 622 641 739 727; x_wconf 89' lang='lat' dir='ltr'>Itaque</span> <span class='ocrx_word' id='word_1_14' title='bbox 762 643 905 705; x_wconf 88' lang='lat' dir='ltr'>l&#39;onnam</span> <span class='ocrx_word' id='word_1_15' title='bbox 930 640 992 706; x_wconf 84' lang='lat' dir='ltr'>sibi</span> <span class='ocrx_word' id='word_1_16' title='bbox 1017 642 1226 726; x_wconf 86' lang='lat' dir='ltr'>excogitavit,</span> <span class='ocrx_word' id='word_1_17' title='bbox 1261 663 1330 726; x_wconf 87' lang='lat' dir='ltr'>qua</span> <span class='ocrx_word' id='word_1_18' title='bbox 1353 641 1403 704; x_wconf 88' lang='lat' dir='ltr'>in·</span> 
     </span>
     <span class='ocr_line' id='line_1_4' title="bbox 231 749 1402 834; baseline -0.001 -21"><span class='ocrx_word' id='word_1_19' title='bbox 231 750 313 815; x_wconf 81' lang='lat' dir='ltr'>(luta</span> <span class='ocrx_word' id='word_1_20' title='bbox 330 750 482 814; x_wconf 88' lang='lat' dir='ltr'>Minerva</span> <span class='ocrx_word' id='word_1_21' title='bbox 505 771 583 814; x_wconf 92' lang='lat' dir='ltr'>cum</span> <span class='ocrx_word' id='word_1_22' title='bbox 600 749 696 815; x_wconf 85' lang='lat' dir='ltr'>Ulixe</span> <span class='ocrx_word' id='word_1_23' title='bbox 713 749 964 834; x_wconf 76' lang='lat' dir='ltr'>colloqueretur,</span> <span class='ocrx_word' id='word_1_24' title='bbox 990 749 1191 833; x_wconf 86' lang='lat' dir='ltr'>excogitavit</span> <span class='ocrx_word' id='word_1_25' title='bbox 1209 749 1402 825; x_wconf 88' lang='lat' dir='ltr'>consilium,</span> 
     </span>
     <span class='ocr_line' id='line_1_5' title="bbox 231 855 1429 942; baseline -0.002 -20"><span class='ocrx_word' id='word_1_26' title='bbox 231 866 268 922; x_wconf 91' lang='lat' dir='ltr'>ut</span> <span class='ocrx_word' id='word_1_27' title='bbox 293 857 407 923; x_wconf 88' lang='lat' dir='ltr'>Ulixes</span> <span class='ocrx_word' id='word_1_28' title='bbox 431 858 465 920; x_wconf 93' lang='lat' dir='ltr'>iu</span> <span class='ocrx_word' id='word_1_29' title='bbox 490 857 662 921; x_wconf 89' lang='lat' dir='ltr'>hominem</span> <span class='ocrx_word' id='word_1_30' title='bbox 686 855 879 921; x_wconf 90' lang='lat' dir='ltr'>mendicum</span> <span class='ocrx_word' id='word_1_31' title='bbox 915 862 1194 934; x_wconf 77' lang='lat' dir='ltr'>commutaretur3</span> <span class='ocrx_word' id='word_1_32' title='bbox 1228 863 1429 942; x_wconf 34' lang='lat' dir='ltr'>praeterea*</span> 
     </span>
     <span class='ocr_line' id='line_1_6' title="bbox 232 963 1403 1048; baseline -0.001 -20"><span class='ocrx_word' id='word_1_33' title='bbox 232 966 432 1047; x_wconf 86' lang='lat' dir='ltr'>Phaeacum</span> <span class='ocrx_word' id='word_1_34' title='bbox 447 963 535 1028; x_wconf 91' lang='lat' dir='ltr'>dona</span> <span class='ocrx_word' id='word_1_35' title='bbox 564 963 753 1048; x_wconf 90' lang='lat' dir='ltr'>gravissimi</span> <span class='ocrx_word' id='word_1_36' title='bbox 784 963 945 1028; x_wconf 89' lang='lat' dir='ltr'>momenti</span> <span class='ocrx_word' id='word_1_37' title='bbox 973 963 1052 1028; x_wconf 79' lang='lat' dir='ltr'>fecit</span> <span class='ocrx_word' id='word_1_38' title='bbox 1081 969 1192 1048; x_wconf 91' lang='lat' dir='ltr'>atque,</span> <span class='ocrx_word' id='word_1_39' title='bbox 1224 970 1262 1027; x_wconf 89' lang='lat' dir='ltr'>ut</span> <span class='ocrx_word' id='word_1_40' title='bbox 1292 963 1403 1029; x_wconf 87' lang='lat' dir='ltr'>Ulixis</span> 
     </span>
     <span class='ocr_line' id='line_1_7' title="bbox 232 1069 1403 1156; baseline -0.002 -20"><span class='ocrx_word' id='word_1_41' title='bbox 232 1073 414 1137; x_wconf 86' lang='lat' dir='ltr'>versutiam</span> <span class='ocrx_word' id='word_1_42' title='bbox 447 1071 720 1156; x_wconf 87' lang='lat' dir='ltr'>quammaxime</span> <span class='ocrx_word' id='word_1_43' title='bbox 755 1072 900 1149; x_wconf 83' lang='lat' dir='ltr'>efferret,</span> <span class='ocrx_word' id='word_1_44' title='bbox 936 1070 1072 1135; x_wconf 82' lang='lat' dir='ltr'>studuit.</span> <span class='ocrx_word' id='word_1_45' title='bbox 1141 1069 1232 1146; x_wconf 74' lang='lat' dir='ltr'>Quid</span> <span class='ocrx_word' id='word_1_46' title='bbox 1266 1070 1403 1135; x_wconf 81' lang='lat' dir='ltr'>multa?</span> 
     </span>
     <span class='ocr_line' id='line_1_8' title="bbox 232 1177 1403 1263; baseline -0.002 -21"><span class='ocrx_word' id='word_1_47' title='bbox 232 1179 305 1245; x_wconf 90' lang='lat' dir='ltr'>luce</span> <span class='ocrx_word' id='word_1_48' title='bbox 338 1179 458 1243; x_wconf 89' lang='lat' dir='ltr'>clarius</span> <span class='ocrx_word' id='word_1_49' title='bbox 495 1184 634 1263; x_wconf 90' lang='lat' dir='ltr'>apparet</span> <span class='ocrx_word' id='word_1_50' title='bbox 667 1178 779 1263; x_wconf 90' lang='lat' dir='ltr'>ipsum</span> <span class='ocrx_word' id='word_1_51' title='bbox 815 1199 867 1242; x_wconf 91' lang='lat' dir='ltr'>res</span> <span class='ocrx_word' id='word_1_52' title='bbox 902 1177 965 1242; x_wconf 88' lang='lat' dir='ltr'>sibi</span> <span class='ocrx_word' id='word_1_53' title='bbox 988 1177 1238 1262; x_wconf 86' lang='lat' dir='ltr'>excogitavisse,</span> <span class='ocrx_word' id='word_1_54' title='bbox 1272 1177 1403 1262; x_wconf 86' lang='lat' dir='ltr'>excogi-</span> 
     </span>
     <span class='ocr_line' id='line_1_9' title="bbox 233 1285 1404 1370; baseline -0.001 -20"><span class='ocrx_word' id='word_1_55' title='bbox 233 1293 317 1351; x_wconf 87' lang='lat' dir='ltr'>tatas</span> <span class='ocrx_word' id='word_1_56' title='bbox 341 1293 430 1350; x_wconf 87' lang='lat' dir='ltr'>certa</span> <span class='ocrx_word' id='word_1_57' title='bbox 453 1285 581 1350; x_wconf 89' lang='lat' dir='ltr'>ratione</span> <span class='ocrx_word' id='word_1_58' title='bbox 605 1285 827 1370; x_wconf 89' lang='lat' dir='ltr'>descripsisse.</span> <span class='ocrx_word' id='word_1_59' title='bbox 871 1285 946 1350; x_wconf 88' lang='lat' dir='ltr'>Hoc</span> <span class='ocrx_word' id='word_1_60' title='bbox 970 1306 1058 1361; x_wconf 91' lang='lat' dir='ltr'>vero,</span> <span class='ocrx_word' id='word_1_61' title='bbox 1084 1291 1121 1349; x_wconf 91' lang='lat' dir='ltr'>ut</span> <span class='ocrx_word' id='word_1_62' title='bbox 1144 1306 1257 1349; x_wconf 89' lang='lat' dir='ltr'>rerum</span> <span class='ocrx_word' id='word_1_63' title='bbox 1280 1291 1404 1349; x_wconf 90' lang='lat' dir='ltr'>natura</span> 
     </span>
     <span class='ocr_line' id='line_1_10' title="bbox 233 1382 1404 1478; baseline -0.001 -20"><span class='ocrx_word' id='word_1_64' title='bbox 233 1395 305 1473; x_wconf 84' lang='lat' dir='ltr'>lert,</span> <span class='ocrx_word' id='word_1_65' title='bbox 330 1415 462 1478; x_wconf 85' lang='lat' dir='ltr'>semper</span> <span class='ocrx_word' id='word_1_66' title='bbox 485 1392 576 1478; x_wconf 89' lang='lat' dir='ltr'>apud</span> <span class='ocrx_word' id='word_1_67' title='bbox 599 1393 735 1478; x_wconf 93' lang='lat' dir='ltr'>priscos,</span> <span class='ocrx_word' id='word_1_68' title='bbox 760 1415 937 1478; x_wconf 91' lang='lat' dir='ltr'>nunquam</span> <span class='ocrx_word' id='word_1_69' title='bbox 960 1392 1052 1477; x_wconf 90' lang='lat' dir='ltr'>apud</span> <span class='ocrx_word' id='word_1_70' title='bbox 1070 1392 1269 1458; x_wconf 89' lang='lat' dir='ltr'>recentiores</span> <span class='ocrx_word' id='word_1_71' title='bbox 1280 1382 1404 1472; x_wconf 83' lang='lat' dir='ltr'>¹poetas</span> 
     </span>
     <span class='ocr_line' id='line_1_11' title="bbox 232 1495 1403 1585; baseline -0.001 -21"><span class='ocrx_word' id='word_1_72' title='bbox 232 1501 433 1566; x_wconf 84' lang='lat' dir='ltr'>invenimus.</span> <span class='ocrx_word' id='word_1_73' title='bbox 476 1500 604 1565; x_wconf 88' lang='lat' dir='ltr'>Verum</span> <span class='ocrx_word' id='word_1_74' title='bbox 627 1500 655 1564; x_wconf 88' lang='lat' dir='ltr'>si</span> <span class='ocrx_word' id='word_1_75' title='bbox 679 1500 929 1585; x_wconf 70' lang='lat' dir='ltr'>perlustramus</span> <span class='ocrx_word' id='word_1_76' title='bbox 954 1522 1022 1585; x_wconf 88' lang='lat' dir='ltr'>qua</span> <span class='ocrx_word' id='word_1_77' title='bbox 1044 1495 1114 1565; x_wconf 80' lang='lat' dir='ltr'>arte</span> <span class='ocrx_word' id='word_1_78' title='bbox 1138 1500 1311 1585; x_wconf 88' lang='lat' dir='ltr'>proposita</span> <span class='ocrx_word' id='word_1_79' title='bbox 1331 1520 1403 1584; x_wconf 89' lang='lat' dir='ltr'>per-</span> 
     </span>
     <span class='ocr_line' id='line_1_12' title="bbox 234 1605 1402 1692; baseline -0.003 -20"><span class='ocrx_word' id='word_1_80' title='bbox 234 1608 358 1682; x_wconf 87' lang='lat' dir='ltr'>lecorit,</span> <span class='ocrx_word' id='word_1_81' title='bbox 394 1606 557 1671; x_wconf 91' lang='lat' dir='ltr'>nonnulla</span> <span class='ocrx_word' id='word_1_82' title='bbox 581 1606 676 1684; x_wconf 91' lang='lat' dir='ltr'>bene,</span> <span class='ocrx_word' id='word_1_83' title='bbox 710 1607 856 1692; x_wconf 87' lang='lat' dir='ltr'>plurima</span> <span class='ocrx_word' id='word_1_84' title='bbox 890 1627 1045 1692; x_wconf 88' lang='lat' dir='ltr'>perverse</span> <span class='ocrx_word' id='word_1_85' title='bbox 1081 1606 1212 1691; x_wconf 90' lang='lat' dir='ltr'>depicta</span> <span class='ocrx_word' id='word_1_86' title='bbox 1235 1605 1402 1671; x_wconf 88' lang='lat' dir='ltr'>videmus.</span> 
     </span>
     <span class='ocr_line' id='line_1_13' title="bbox 234 1712 1404 1799; baseline -0.003 -19"><span class='ocrx_word' id='word_1_87' title='bbox 234 1716 324 1780; x_wconf 87' lang='lat' dir='ltr'>Bene</span> <span class='ocrx_word' id='word_1_88' title='bbox 349 1714 532 1799; x_wconf 78' lang='lat' dir='ltr'>descripsit,</span> <span class='ocrx_word' id='word_1_89' title='bbox 559 1713 728 1798; x_wconf 90' lang='lat' dir='ltr'>quomodo</span> <span class='ocrx_word' id='word_1_90' title='bbox 745 1714 898 1779; x_wconf 87' lang='lat' dir='ltr'>Minerva</span> <span class='ocrx_word' id='word_1_91' title='bbox 920 1734 998 1778; x_wconf 93' lang='lat' dir='ltr'>cum</span> <span class='ocrx_word' id='word_1_92' title='bbox 1016 1713 1113 1779; x_wconf 85' lang='lat' dir='ltr'>Ulixe</span> <span class='ocrx_word' id='word_1_93' title='bbox 1130 1712 1404 1778; x_wconf 80' lang='lat' dir='ltr'>commutationis</span> 
     </span>
     <span class='ocr_line' id='line_1_14' title="bbox 234 1820 1404 1907; baseline -0.001 -22"><span class='ocrx_word' id='word_1_94' title='bbox 234 1822 412 1887; x_wconf 90' lang='lat' dir='ltr'>eonsilium</span> <span class='ocrx_word' id='word_1_95' title='bbox 451 1821 676 1886; x_wconf 89' lang='lat' dir='ltr'>communicet</span> <span class='ocrx_word' id='word_1_96' title='bbox 714 1821 894 1907; x_wconf 90' lang='lat' dir='ltr'>ipsumque</span> <span class='ocrx_word' id='word_1_97' title='bbox 929 1821 966 1885; x_wconf 92' lang='lat' dir='ltr'>in</span> <span class='ocrx_word' id='word_1_98' title='bbox 1000 1821 1173 1885; x_wconf 90' lang='lat' dir='ltr'>hominem</span> <span class='ocrx_word' id='word_1_99' title='bbox 1207 1820 1404 1885; x_wconf 90' lang='lat' dir='ltr'>mendicum</span> 
     </span>
     <span class='ocr_line' id='line_1_15' title="bbox 206 1914 1405 2013; baseline 0 -21"><span class='ocrx_word' id='word_1_100' title='bbox 206 1966 210 1977; x_wconf 91' lang='lat'>·</span> <span class='ocrx_word' id='word_1_101' title='bbox 235 1934 426 1993; x_wconf 88' lang='lat' dir='ltr'>commutet.</span> <span class='ocrx_word' id='word_1_102' title='bbox 474 1914 548 1992; x_wconf 80' lang='lat' dir='ltr'>&#39;Sed</span> <span class='ocrx_word' id='word_1_103' title='bbox 572 1950 612 1992; x_wconf 94' lang='lat' dir='ltr'>ex</span> <span class='ocrx_word' id='word_1_104' title='bbox 636 1928 740 1993; x_wconf 90' lang='lat' dir='ltr'>altera</span> <span class='ocrx_word' id='word_1_105' title='bbox 763 1935 856 2013; x_wconf 88' lang='lat' dir='ltr'>parte</span> <span class='ocrx_word' id='word_1_106' title='bbox 880 1949 948 1992; x_wconf 93' lang='lat' dir='ltr'>non</span> <span class='ocrx_word' id='word_1_107' title='bbox 972 1949 1046 1992; x_wconf 90' lang='lat' dir='ltr'>raro</span> <span class='ocrx_word' id='word_1_108' title='bbox 1069 1927 1405 2012; x_wconf 85' lang='lat' dir='ltr'>neglegentissimum</span> 
     </span>
     <span class='ocr_line' id='line_1_16' title="bbox 236 2034 1405 2121; baseline -0.003 -21"><span class='ocrx_word' id='word_1_109' title='bbox 236 2058 270 2100; x_wconf 91' lang='lat' dir='ltr'>se</span> <span class='ocrx_word' id='word_1_110' title='bbox 294 2035 438 2121; x_wconf 82' lang='lat' dir='ltr'>praebet.</span> <span class='ocrx_word' id='word_1_111' title='bbox 472 2034 626 2120; x_wconf 91' lang='lat' dir='ltr'>Neglegit</span> <span class='ocrx_word' id='word_1_112' title='bbox 649 2036 739 2100; x_wconf 88' lang='lat' dir='ltr'>enim</span> <span class='ocrx_word' id='word_1_113' title='bbox 756 2035 904 2100; x_wconf 91' lang='lat' dir='ltr'>locorum</span> <span class='ocrx_word' id='word_1_114' title='bbox 925 2056 1071 2113; x_wconf 88' lang='lat' dir='ltr'>sensum,</span> <span class='ocrx_word' id='word_1_115' title='bbox 1097 2055 1175 2100; x_wconf 92' lang='lat' dir='ltr'>eum</span> <span class='ocrx_word' id='word_1_116' title='bbox 1197 2035 1234 2098; x_wconf 89' lang='lat' dir='ltr'>in</span> <span class='ocrx_word' id='word_1_117' title='bbox 1257 2034 1405 2120; x_wconf 89' lang='lat' dir='ltr'>priorem</span> 
     </span>
     <span class='ocr_line' id='line_1_17' title="bbox 235 2140 1405 2228; baseline -0.001 -21"><span class='ocrx_word' id='word_1_118' title='bbox 235 2149 365 2228; x_wconf 89' lang='lat' dir='ltr'>partem</span> <span class='ocrx_word' id='word_1_119' title='bbox 399 2163 516 2207; x_wconf 89' lang='lat' dir='ltr'>versus</span> <span class='ocrx_word' id='word_1_120' title='bbox 550 2142 676 2219; x_wconf 91' lang='lat' dir='ltr'>inserit,</span> <span class='ocrx_word' id='word_1_121' title='bbox 712 2142 834 2227; x_wconf 91' lang='lat' dir='ltr'>quibus</span> <span class='ocrx_word' id='word_1_122' title='bbox 870 2141 1061 2206; x_wconf 89' lang='lat' dir='ltr'>Phaeacum</span> <span class='ocrx_word' id='word_1_123' title='bbox 1099 2140 1189 2206; x_wconf 92' lang='lat' dir='ltr'>dona</span> <span class='ocrx_word' id='word_1_124' title='bbox 1221 2162 1292 2207; x_wconf 88' lang='lat' dir='ltr'>non</span> <span class='ocrx_word' id='word_1_125' title='bbox 1326 2148 1405 2226; x_wconf 89' lang='lat' dir='ltr'>apte</span> 
     </span>
     <span class='ocr_line' id='line_1_18' title="bbox 236 2249 1404 2341; baseline -0.002 -27"><span class='ocrx_word' id='word_1_126' title='bbox 236 2255 552 2327; x_wconf 86' lang='lat' dir='ltr'>commemorantur,</span> <span class='ocrx_word' id='word_1_127' title='bbox 577 2249 723 2334; x_wconf 84' lang='lat' dir='ltr'>neglegit</span> <span class='ocrx_word' id='word_1_128' title='bbox 746 2271 797 2314; x_wconf 91' lang='lat' dir='ltr'>res</span> <span class='ocrx_word' id='word_1_129' title='bbox 821 2250 921 2341; x_wconf 82' lang='lat' dir='ltr'>ipsas,</span> <span class='ocrx_word' id='word_1_130' title='bbox 946 2271 1023 2314; x_wconf 91' lang='lat' dir='ltr'>cum</span> <span class='ocrx_word' id='word_1_131' title='bbox 1049 2249 1182 2315; x_wconf 90' lang='lat' dir='ltr'>Ulixem</span> <span class='ocrx_word' id='word_1_132' title='bbox 1205 2249 1260 2314; x_wconf 92' lang='lat' dir='ltr'>vel</span> <span class='ocrx_word' id='word_1_133' title='bbox 1283 2249 1404 2312; x_wconf 89' lang='lat' dir='ltr'>Miner-</span> 
     </span>
     <span class='ocr_line' id='line_1_19' title="bbox 237 2355 1403 2455; baseline -0.003 -33"><span class='ocrx_word' id='word_1_134' title='bbox 237 2379 315 2422; x_wconf 89' lang='lat' dir='ltr'>vam</span> <span class='ocrx_word' id='word_1_135' title='bbox 339 2356 424 2420; x_wconf 78' lang='lat' dir='ltr'>falsa</span> <span class='ocrx_word' id='word_1_136' title='bbox 447 2362 620 2421; x_wconf 89' lang='lat' dir='ltr'>narrantes</span> <span class='ocrx_word' id='word_1_137' title='bbox 637 2357 716 2421; x_wconf 86' lang='lat' dir='ltr'>lacit</span> <span class='ocrx_word' id='word_1_138' title='bbox 739 2356 824 2454; x_wconf 75' lang='lat'>(301.</span> <span class='ocrx_word' id='word_1_139' title='bbox 850 2358 925 2423; x_wconf 81' lang='lat'>302.</span> <span class='ocrx_word' id='word_1_140' title='bbox 950 2358 1024 2455; x_wconf 24' lang='lat'>30¹5.</span> <span class='ocrx_word' id='word_1_141' title='bbox 1050 2357 1116 2421; x_wconf 88' lang='grc'>314</span> <span class='ocrx_word' id='word_1_142' title='bbox 1139 2378 1187 2441; x_wconf 90' lang='lat' dir='ltr'>sq.</span> <span class='ocrx_word' id='word_1_143' title='bbox 1213 2356 1288 2420; x_wconf 83' lang='lat'>318.</span> <span class='ocrx_word' id='word_1_144' title='bbox 1314 2355 1403 2443; x_wconf 79' lang='lat'>322),</span> 
     </span>
     <span class='ocr_line' id='line_1_20' title="bbox 239 2460 1428 2550; baseline -0.002 -22"><span class='ocrx_word' id='word_1_145' title='bbox 239 2464 386 2548; x_wconf 79' lang='lat' dir='ltr'>neglegit</span> <span class='ocrx_word' id='word_1_146' title='bbox 409 2484 607 2541; x_wconf 86' lang='lat' dir='ltr'>sermonem,</span> <span class='ocrx_word' id='word_1_147' title='bbox 641 2485 718 2527; x_wconf 91' lang='lat' dir='ltr'>cum</span> <span class='ocrx_word' id='word_1_148' title='bbox 742 2485 926 2548; x_wconf 89' lang='lat' dir='ltr'>pronomen</span> <span class='ocrx_word' id='word_1_149' title='bbox 951 2463 1074 2529; x_wconf 87' lang='lat' dir='ltr'>omittit</span> <span class='ocrx_word' id='word_1_150' title='bbox 1096 2462 1184 2550; x_wconf 80' lang='lat'><strong>(207)</strong></span> <span class='ocrx_word' id='word_1_151' title='bbox 1212 2469 1271 2526; x_wconf 88' lang='lat' dir='ltr'>aut</span> <span class='ocrx_word' id='word_1_152' title='bbox 1294 2460 1428 2535; x_wconf 88' lang='lat' dir='ltr'>verbis</span> 
     </span>
     <span class='ocr_line' id='line_1_21' title="bbox 239 2569 1407 2657; baseline 0 -23"><span class='ocrx_word' id='word_1_153' title='bbox 239 2592 415 2657; x_wconf 86' lang='lat' dir='ltr'>perperam</span> <span class='ocrx_word' id='word_1_154' title='bbox 439 2571 545 2635; x_wconf 90' lang='lat' dir='ltr'>utitur</span> <span class='ocrx_word' id='word_1_155' title='bbox 567 2569 663 2656; x_wconf 79' lang='lat'>(254),</span> <span class='ocrx_word' id='word_1_156' title='bbox 700 2571 782 2656; x_wconf 92' lang='lat' dir='ltr'>quin</span> <span class='ocrx_word' id='word_1_157' title='bbox 817 2572 918 2636; x_wconf 89' lang='lat' dir='ltr'>etiam</span> <span class='ocrx_word' id='word_1_158' title='bbox 943 2570 1184 2636; x_wconf 87' lang='lat' dir='ltr'>sententiarum</span> <span class='ocrx_word' id='word_1_159' title='bbox 1207 2591 1407 2655; x_wconf 87' lang='lat' dir='ltr'>compagem</span> 
     </span>
     <span class='ocr_line' id='line_1_22' title="bbox 239 2675 1407 2767; baseline -0.002 -25"><span class='ocrx_word' id='word_1_160' title='bbox 239 2678 394 2763; x_wconf 83' lang='lat' dir='ltr'>neglegit,</span> <span class='ocrx_word' id='word_1_161' title='bbox 424 2699 502 2742; x_wconf 90' lang='lat' dir='ltr'>eum</span> <span class='ocrx_word' id='word_1_162' title='bbox 518 2678 653 2767; x_wconf 91' lang='lat' dir='ltr'>Ulixem</span> <span class='ocrx_word' id='word_1_163' title='bbox 677 2679 733 2757; x_wconf 88' lang='lat' dir='ltr'>eis,</span> <span class='ocrx_word' id='word_1_164' title='bbox 759 2700 845 2763; x_wconf 92' lang='lat' dir='ltr'>quae</span> <span class='ocrx_word' id='word_1_165' title='bbox 862 2678 1014 2743; x_wconf 89' lang='lat' dir='ltr'>Minerva</span> <span class='ocrx_word' id='word_1_166' title='bbox 1037 2678 1126 2755; x_wconf 90' lang='lat' dir='ltr'>dicit,</span> <span class='ocrx_word' id='word_1_167' title='bbox 1143 2675 1315 2742; x_wconf 91' lang='lat' dir='ltr'>interdum</span> <span class='ocrx_word' id='word_1_168' title='bbox 1337 2698 1407 2741; x_wconf 90' lang='lat' dir='ltr'>non</span> 
     </span>
     <span class='ocr_line' id='line_1_23' title="bbox 240 2783 1408 2870; baseline 0 -22"><span class='ocrx_word' id='word_1_169' title='bbox 240 2785 498 2870; x_wconf 87' lang='lat' dir='ltr'>respondentem</span> <span class='ocrx_word' id='word_1_170' title='bbox 521 2786 609 2864; x_wconf 87' lang='lat' dir='ltr'>lacit,</span> <span class='ocrx_word' id='word_1_171' title='bbox 641 2808 708 2870; x_wconf 94' lang='lat' dir='ltr'>quo</span> <span class='ocrx_word' id='word_1_172' title='bbox 732 2787 769 2850; x_wconf 87' lang='lat' dir='ltr'>fit</span> <span class='ocrx_word' id='word_1_173' title='bbox 809 2791 847 2849; x_wconf 90' lang='lat' dir='ltr'>ut</span> <span class='ocrx_word' id='word_1_174' title='bbox 870 2785 932 2850; x_wconf 93' lang='lat' dir='ltr'>dea</span> <span class='ocrx_word' id='word_1_175' title='bbox 954 2785 1058 2851; x_wconf 91' lang='lat' dir='ltr'>verba</span> <span class='ocrx_word' id='word_1_176' title='bbox 1080 2785 1179 2870; x_wconf 88' lang='lat' dir='ltr'>plane</span> <span class='ocrx_word' id='word_1_177' title='bbox 1202 2785 1297 2853; x_wconf 85' lang='lat' dir='ltr'>irrita</span> <span class='ocrx_word' id='word_1_178' title='bbox 1318 2783 1408 2849; x_wconf 91' lang='lat' dir='ltr'>vide-</span> 
     </span>
     <span class='ocr_line' id='line_1_24' title="bbox 240 2876 1439 2977; baseline -0.003 -20"><span class='ocrx_word' id='word_1_179' title='bbox 240 2899 315 2957; x_wconf 89' lang='lat' dir='ltr'>atur</span> <span class='ocrx_word' id='word_1_180' title='bbox 338 2892 542 2977; x_wconf 83' lang='lat' dir='ltr'>protulisse.‘</span> <span class='ocrx_word' id='word_1_181' title='bbox 557 2892 802 2958; x_wconf 88' lang='lat' dir='ltr'>Gravissimum</span> <span class='ocrx_word' id='word_1_182' title='bbox 826 2899 939 2957; x_wconf 86' lang='lat' dir='ltr'>autom</span> <span class='ocrx_word' id='word_1_183' title='bbox 962 2893 1083 2958; x_wconf 93' lang='lat' dir='ltr'>vitium</span> <span class='ocrx_word' id='word_1_184' title='bbox 1106 2876 1294 2969; x_wconf 87' lang='lat' dir='ltr'>committit,</span> <span class='ocrx_word' id='word_1_185' title='bbox 1318 2912 1407 2969; x_wconf 90' lang='lat' dir='ltr'>cum,</span> <span class='ocrx_word' id='word_1_186' title='bbox 1434 2960 1439 2970; x_wconf 50' lang='grc'><strong>,</strong></span> 
     </span>
     <span class='ocr_line' id='line_1_25' title="bbox 241 2997 1408 3085; baseline -0.001 -21"><span class='ocrx_word' id='word_1_187' title='bbox 241 3021 328 3085; x_wconf 92' lang='lat' dir='ltr'>quae</span> <span class='ocrx_word' id='word_1_188' title='bbox 352 3000 540 3065; x_wconf 88' lang='lat' dir='ltr'>Minervam</span> <span class='ocrx_word' id='word_1_189' title='bbox 562 3005 754 3065; x_wconf 88' lang='lat' dir='ltr'>narrantem</span> <span class='ocrx_word' id='word_1_190' title='bbox 778 3001 866 3078; x_wconf 81' lang='lat' dir='ltr'>iacit,</span> <span class='ocrx_word' id='word_1_191' title='bbox 902 3021 972 3065; x_wconf 88' lang='lat' dir='ltr'>non</span> <span class='ocrx_word' id='word_1_192' title='bbox 1006 2999 1050 3064; x_wconf 91' lang='lat' dir='ltr'>ad</span> <span class='ocrx_word' id='word_1_193' title='bbox 1084 3020 1132 3078; x_wconf 91' lang='lat' dir='ltr'>ea,</span> <span class='ocrx_word' id='word_1_194' title='bbox 1168 3019 1255 3084; x_wconf 89' lang='lat' dir='ltr'>quae</span> <span class='ocrx_word' id='word_1_195' title='bbox 1280 2997 1408 3077; x_wconf 75' lang='lat' dir='ltr'>Ulixes</span> 
     </span>
     <span class='ocr_line' id='line_1_26' title="bbox 242 3105 1409 3193; baseline -0.001 -22"><span class='ocrx_word' id='word_1_196' title='bbox 242 3106 301 3171; x_wconf 91' lang='lat' dir='ltr'>sed</span> <span class='ocrx_word' id='word_1_197' title='bbox 324 3106 367 3170; x_wconf 93' lang='lat' dir='ltr'>ad</span> <span class='ocrx_word' id='word_1_198' title='bbox 391 3129 439 3181; x_wconf 89' lang='lat' dir='ltr'>ea,</span> <span class='ocrx_word' id='word_1_199' title='bbox 464 3129 550 3192; x_wconf 91' lang='lat' dir='ltr'>quae</span> <span class='ocrx_word' id='word_1_200' title='bbox 575 3114 607 3171; x_wconf 87' lang='lat' dir='ltr'>et</span> <span class='ocrx_word' id='word_1_201' title='bbox 629 3108 700 3193; x_wconf 92' lang='lat' dir='ltr'>ipse</span> <span class='ocrx_word' id='word_1_202' title='bbox 724 3114 756 3172; x_wconf 86' lang='lat' dir='ltr'>ot</span> <span class='ocrx_word' id='word_1_203' title='bbox 779 3108 925 3192; x_wconf 87' lang='lat' dir='ltr'>legentes</span> <span class='ocrx_word' id='word_1_204' title='bbox 955 3113 1126 3192; x_wconf 88' lang='lat' dir='ltr'>comperta</span> <span class='ocrx_word' id='word_1_205' title='bbox 1148 3105 1285 3185; x_wconf 86' lang='lat' dir='ltr'>habent,</span> <span class='ocrx_word' id='word_1_206' title='bbox 1311 3127 1409 3191; x_wconf 90' lang='lat' dir='ltr'>exap-</span> 
     </span>
     <span class='ocr_line' id='line_1_27' title="bbox 242 3213 1411 3300; baseline -0.001 -22"><span class='ocrx_word' id='word_1_207' title='bbox 242 3219 299 3293; x_wconf 87' lang='lat' dir='ltr'>tat,</span> <span class='ocrx_word' id='word_1_208' title='bbox 335 3236 403 3300; x_wconf 90' lang='lat' dir='ltr'>qua</span> <span class='ocrx_word' id='word_1_209' title='bbox 437 3236 472 3279; x_wconf 93' lang='lat' dir='ltr'>re</span> <span class='ocrx_word' id='word_1_210' title='bbox 495 3215 542 3279; x_wconf 88' lang='lat' dir='ltr'>ita</span> <span class='ocrx_word' id='word_1_211' title='bbox 573 3215 715 3280; x_wconf 90' lang='lat' dir='ltr'>inertem</span> <span class='ocrx_word' id='word_1_212' title='bbox 743 3221 776 3279; x_wconf 91' lang='lat' dir='ltr'>et</span> <span class='ocrx_word' id='word_1_213' title='bbox 799 3221 967 3280; x_wconf 90' lang='lat' dir='ltr'>amentem</span> <span class='ocrx_word' id='word_1_214' title='bbox 990 3236 1036 3280; x_wconf 81' lang='lat' dir='ltr'>se</span> <span class='ocrx_word' id='word_1_215' title='bbox 1071 3213 1216 3300; x_wconf 89' lang='lat' dir='ltr'>praebet,</span> <span class='ocrx_word' id='word_1_216' title='bbox 1249 3219 1288 3278; x_wconf 90' lang='lat' dir='ltr'>ut</span> <span class='ocrx_word' id='word_1_217' title='bbox 1321 3214 1411 3278; x_wconf 90' lang='lat' dir='ltr'>inter</span> 
     </span>
     <span class='ocr_line' id='line_1_28' title="bbox 242 3302 1410 3407; baseline 0 -22"><span class='ocrx_word' id='word_1_218' title='bbox 242 3322 487 3387; x_wconf 90' lang='lat' dir='ltr'>recentissimos</span> <span class='ocrx_word' id='word_1_219' title='bbox 521 3323 774 3407; x_wconf 87' lang='lat' dir='ltr'>interpolatores</span> <span class='ocrx_word' id='word_1_220' title='bbox 808 3323 935 3407; x_wconf 90' lang='lat' dir='ltr'>optimo</span> <span class='ocrx_word' id='word_1_221' title='bbox 969 3302 1043 3407; x_wconf 83' lang='lat' dir='ltr'>jure</span> <span class='ocrx_word' id='word_1_222' title='bbox 1066 3321 1297 3387; x_wconf 87' lang='lat' dir='ltr'>numerandus</span> <span class='ocrx_word' id='word_1_223' title='bbox 1320 3320 1410 3386; x_wconf 90' lang='lat' dir='ltr'>vide-</span> 
     </span>
     <span class='ocr_line' id='line_1_29' title="bbox 243 3429 1409 3514; baseline 0 -21"><span class='ocrx_word' id='word_1_224' title='bbox 243 3436 326 3493; x_wconf 89' lang='lat' dir='ltr'>atur.</span> <span class='ocrx_word' id='word_1_225' title='bbox 359 3429 476 3514; x_wconf 89' lang='lat' dir='ltr'>Neque</span> <span class='ocrx_word' id='word_1_226' title='bbox 500 3430 613 3494; x_wconf 89' lang='lat' dir='ltr'>minus</span> <span class='ocrx_word' id='word_1_227' title='bbox 636 3431 671 3494; x_wconf 92' lang='lat' dir='ltr'>in</span> <span class='ocrx_word' id='word_1_228' title='bbox 695 3430 818 3496; x_wconf 89' lang='lat' dir='ltr'>divinis</span> <span class='ocrx_word' id='word_1_229' title='bbox 836 3430 934 3494; x_wconf 88' lang='lat' dir='ltr'>rebus</span> <span class='ocrx_word' id='word_1_230' title='bbox 951 3429 1171 3514; x_wconf 88' lang='lat' dir='ltr'>depingendis</span> <span class='ocrx_word' id='word_1_231' title='bbox 1196 3450 1311 3493; x_wconf 91' lang='lat' dir='ltr'>seeum</span> <span class='ocrx_word' id='word_1_232' title='bbox 1333 3429 1409 3513; x_wconf 93' lang='lat' dir='ltr'>ipso</span> 
     </span>
     <span class='ocr_line' id='line_1_30' title="bbox 244 3516 1412 3621; baseline -0.001 -21"><span class='ocrx_word' id='word_1_233' title='bbox 244 3536 406 3614; x_wconf 89' lang='lat' dir='ltr'>dissentit,</span> <span class='ocrx_word' id='word_1_234' title='bbox 442 3558 519 3600; x_wconf 92' lang='lat' dir='ltr'>cum</span> <span class='ocrx_word' id='word_1_235' title='bbox 555 3536 705 3603; x_wconf 89' lang='lat' dir='ltr'>divinam</span> <span class='ocrx_word' id='word_1_236' title='bbox 729 3516 960 3602; x_wconf 82' lang='lat' dir='ltr'>auctoritatem</span> <span class='ocrx_word' id='word_1_237' title='bbox 993 3537 1094 3602; x_wconf 90' lang='lat' dir='ltr'>modo</span> <span class='ocrx_word' id='word_1_238' title='bbox 1118 3536 1272 3621; x_wconf 87' lang='lat' dir='ltr'>neglegit,</span> <span class='ocrx_word' id='word_1_239' title='bbox 1309 3535 1412 3600; x_wconf 91' lang='lat' dir='ltr'>modo</span> 
     </span>
     <span class='ocr_line' id='line_1_31' title="bbox 244 3643 1413 3730; baseline -0.001 -22"><span class='ocrx_word' id='word_1_240' title='bbox 244 3664 377 3708; x_wconf 91' lang='lat' dir='ltr'>summo</span> <span class='ocrx_word' id='word_1_241' title='bbox 401 3644 548 3728; x_wconf 91' lang='lat' dir='ltr'>pondere</span> <span class='ocrx_word' id='word_1_242' title='bbox 571 3645 700 3730; x_wconf 87' lang='lat' dir='ltr'>premit.</span> <span class='ocrx_word' id='word_1_243' title='bbox 732 3644 908 3709; x_wconf 91' lang='lat' dir='ltr'>Habemus</span> <span class='ocrx_word' id='word_1_244' title='bbox 931 3644 1033 3729; x_wconf 89' lang='lat' dir='ltr'>igitur</span> <span class='ocrx_word' id='word_1_245' title='bbox 1055 3643 1147 3708; x_wconf 88' lang='lat' dir='ltr'>haud</span> <span class='ocrx_word' id='word_1_246' title='bbox 1170 3664 1278 3728; x_wconf 93' lang='lat' dir='ltr'>pauca</span> <span class='ocrx_word' id='word_1_247' title='bbox 1300 3663 1413 3707; x_wconf 89' lang='lat' dir='ltr'>reeen-</span> 
     </span>
     <span class='ocr_line' id='line_1_32' title="bbox 244 3751 764 3836; baseline 0.006 -22"><span class='ocrx_word' id='word_1_248' title='bbox 244 3751 392 3815; x_wconf 91' lang='lat' dir='ltr'>tissimae</span> <span class='ocrx_word' id='word_1_249' title='bbox 416 3752 533 3815; x_wconf 90' lang='lat' dir='ltr'>aetatis</span> <span class='ocrx_word' id='word_1_250' title='bbox 557 3759 764 3836; x_wconf 88' lang='lat' dir='ltr'>argumenta.</span> 
     </span>
    </p>

    <p class='ocr_par' dir='ltr' id='par_1_3' title="bbox 245 3856 1438 4568">
     <span class='ocr_line' id='line_1_33' title="bbox 336 3856 1413 3945; baseline 0.001 -24"><span class='ocrx_word' id='word_1_251' title='bbox 336 3858 434 3922; x_wconf 91' lang='lat' dir='ltr'>Unde</span> <span class='ocrx_word' id='word_1_252' title='bbox 458 3859 522 3922; x_wconf 85' lang='lat' dir='ltr'>ista</span> <span class='ocrx_word' id='word_1_253' title='bbox 545 3859 707 3924; x_wconf 88' lang='lat' dir='ltr'>dissensio</span> <span class='ocrx_word' id='word_1_254' title='bbox 731 3860 929 3945; x_wconf 90' lang='lat' dir='ltr'>gravissima</span> <span class='ocrx_word' id='word_1_255' title='bbox 952 3864 1064 3924; x_wconf 88' lang='lat' dir='ltr'>coorta</span> <span class='ocrx_word' id='word_1_256' title='bbox 1087 3858 1160 3923; x_wconf 80' lang='lat' dir='ltr'>est?</span> <span class='ocrx_word' id='word_1_257' title='bbox 1216 3856 1272 3921; x_wconf 85' lang='lat' dir='ltr'>An</span> <span class='ocrx_word' id='word_1_258' title='bbox 1300 3856 1413 3922; x_wconf 87' lang='lat' dir='ltr'>existi-</span> 
     </span>
     <span class='ocr_line' id='line_1_34' title="bbox 245 3965 1412 4052; baseline 0.002 -23"><span class='ocrx_word' id='word_1_259' title='bbox 245 3965 390 4030; x_wconf 92' lang='lat' dir='ltr'>mandus</span> <span class='ocrx_word' id='word_1_260' title='bbox 413 3972 463 4030; x_wconf 88' lang='lat' dir='ltr'>est</span> <span class='ocrx_word' id='word_1_261' title='bbox 497 3973 603 4050; x_wconf 89' lang='lat' dir='ltr'>poeta,</span> <span class='ocrx_word' id='word_1_262' title='bbox 640 3968 697 4052; x_wconf 91' lang='lat' dir='ltr'>qui</span> <span class='ocrx_word' id='word_1_263' title='bbox 721 3967 813 4032; x_wconf 93' lang='lat' dir='ltr'>haud</span> <span class='ocrx_word' id='word_1_264' title='bbox 836 3988 944 4052; x_wconf 89' lang='lat' dir='ltr'>pauca</span> <span class='ocrx_word' id='word_1_265' title='bbox 966 3988 1034 4030; x_wconf 92' lang='lat' dir='ltr'>non</span> <span class='ocrx_word' id='word_1_266' title='bbox 1058 3966 1129 4030; x_wconf 90' lang='lat' dir='ltr'>sine</span> <span class='ocrx_word' id='word_1_267' title='bbox 1145 3971 1215 4031; x_wconf 87' lang='lat' dir='ltr'>arte</span> <span class='ocrx_word' id='word_1_268' title='bbox 1231 3966 1412 4044; x_wconf 79' lang='lat' dir='ltr'>enarravit,</span> 
     </span>
     <span class='ocr_line' id='line_1_35' title="bbox 246 4071 1415 4160; baseline 0.002 -26"><span class='ocrx_word' id='word_1_269' title='bbox 246 4072 335 4135; x_wconf 92' lang='lat' dir='ltr'>idem</span> <span class='ocrx_word' id='word_1_270' title='bbox 369 4095 430 4137; x_wconf 92' lang='lat' dir='ltr'>sua</span> <span class='ocrx_word' id='word_1_271' title='bbox 472 4080 590 4158; x_wconf 91' lang='lat' dir='ltr'>sponte</span> <span class='ocrx_word' id='word_1_272' title='bbox 625 4080 673 4138; x_wconf 88' lang='lat' dir='ltr'>tot</span> <span class='ocrx_word' id='word_1_273' title='bbox 696 4082 855 4160; x_wconf 88' lang='lat' dir='ltr'>tantaque</span> <span class='ocrx_word' id='word_1_274' title='bbox 890 4074 972 4139; x_wconf 89' lang='lat' dir='ltr'>vitia</span> <span class='ocrx_word' id='word_1_275' title='bbox 1004 4072 1234 4138; x_wconf 72' lang='lat' dir='ltr'>committere?</span> <span class='ocrx_word' id='word_1_276' title='bbox 1291 4071 1415 4157; x_wconf 89' lang='lat' dir='ltr'>Neque</span> 
     </span>
     <span class='ocr_line' id='line_1_36' title="bbox 247 4178 1414 4267; baseline 0.001 -26"><span class='ocrx_word' id='word_1_277' title='bbox 247 4200 325 4242; x_wconf 91' lang='lat' dir='ltr'>eum</span> <span class='ocrx_word' id='word_1_278' title='bbox 353 4187 537 4264; x_wconf 88' lang='lat' dir='ltr'>propterea,</span> <span class='ocrx_word' id='word_1_279' title='bbox 562 4181 654 4265; x_wconf 90' lang='lat' dir='ltr'>quod</span> <span class='ocrx_word' id='word_1_280' title='bbox 677 4202 917 4267; x_wconf 87' lang='lat' dir='ltr'>saepenumero</span> <span class='ocrx_word' id='word_1_281' title='bbox 941 4181 1172 4266; x_wconf 85' lang='lat' dir='ltr'>neglegentem</span> <span class='ocrx_word' id='word_1_282' title='bbox 1196 4201 1230 4244; x_wconf 91' lang='lat' dir='ltr'>se</span> <span class='ocrx_word' id='word_1_283' title='bbox 1245 4178 1414 4264; x_wconf 90' lang='lat' dir='ltr'>praebuit,</span> 
     </span>
     <span class='ocr_line' id='line_1_37' title="bbox 247 4286 1416 4374; baseline 0.003 -26"><span class='ocrx_word' id='word_1_284' title='bbox 247 4286 454 4372; x_wconf 90' lang='lat' dir='ltr'>aprincipio</span> <span class='ocrx_word' id='word_1_285' title='bbox 478 4288 712 4352; x_wconf 86' lang='lat' dir='ltr'>recentissimis</span> <span class='ocrx_word' id='word_1_286' title='bbox 746 4288 952 4374; x_wconf 89' lang='lat' dir='ltr'>temporibus</span> <span class='ocrx_word' id='word_1_287' title='bbox 987 4287 1131 4352; x_wconf 90' lang='lat' dir='ltr'>tribuere</span> <span class='ocrx_word' id='word_1_288' title='bbox 1163 4287 1248 4365; x_wconf 90' lang='lat' dir='ltr'>licet,</span> <span class='ocrx_word' id='word_1_289' title='bbox 1285 4286 1416 4372; x_wconf 91' lang='lat' dir='ltr'>quippe</span> 
     </span>
     <span class='ocr_line' id='line_1_38' title="bbox 248 4393 1438 4479; baseline 0.002 -23"><span class='ocrx_word' id='word_1_290' title='bbox 248 4394 307 4477; x_wconf 92' lang='lat' dir='ltr'>qui</span> <span class='ocrx_word' id='word_1_291' title='bbox 331 4393 403 4457; x_wconf 89' lang='lat' dir='ltr'>aliis</span> <span class='ocrx_word' id='word_1_292' title='bbox 426 4395 461 4458; x_wconf 95' lang='lat' dir='ltr'>in</span> <span class='ocrx_word' id='word_1_293' title='bbox 486 4395 565 4460; x_wconf 91' lang='lat' dir='ltr'>locis</span> <span class='ocrx_word' id='word_1_294' title='bbox 589 4396 765 4460; x_wconf 78' lang='lat' dir='ltr'>manifesto</span> <span class='ocrx_word' id='word_1_295' title='bbox 789 4395 922 4460; x_wconf 85' lang='lat' dir='ltr'>fabulae</span> <span class='ocrx_word' id='word_1_296' title='bbox 938 4395 1022 4460; x_wconf 90' lang='lat' dir='ltr'>bene</span> <span class='ocrx_word' id='word_1_297' title='bbox 1047 4393 1251 4460; x_wconf 84' lang='lat' dir='ltr'>enarrandae</span> <span class='ocrx_word' id='word_1_298' title='bbox 1274 4400 1438 4479; x_wconf 82' lang='lat' dir='ltr'>operam·</span> 
     </span>
     <span class='ocr_line' id='line_1_39' title="bbox 249 4501 395 4568; baseline 0 -2"><span class='ocrx_word' id='word_1_299' title='bbox 249 4501 395 4568; x_wconf 86' lang='lat' dir='ltr'>navavit.</span> 
     </span>
    </p>
   </div>
   <div class='ocr_carea' id='block_1_3' title="bbox 0 0 1636 5332">
    <p class='ocr_par' dir='ltr' id='par_1_4' title="bbox 0 0 1636 5332">
     <span class='ocr_line' id='line_1_40' title="bbox 0 0 1636 5332; baseline 0 0"><span class='ocrx_word' id='word_1_300' title='bbox 0 0 1636 5332; x_wconf 95' lang='lat' dir='ltr'> </span> 
     </span>
    </p>
   </div>
  </div>
 </body>
</html>
