3218 5332
594 323 881 390 -59-'

126 518 185 591 miv
200 525 299 608 μῆτιιὶ
322 518 431 608 ὑφήνω
463 521 538 600 303,
564 524 659 590 αὐτοὶ
683 522 875 608 φράζωμεθ’
907 518 996 601 ὅπως
1018 521 1135 611 ἄριστα
1159 532 1291 608 γένηται

126 630 202 708 365,
227 629 379 698 Ὀδυσσεῦ
395 631 517 717 φράζευ
534 625 622 708 ὅπως
645 640 758 720 χεῖρας
780 627 986 716 ἔφη’σειςβῖὅ
1011 631 1068 694 cir.
1085 629 1171 716 439).
1206 630 1292 705 Quo-

126 759 203 810 rum
237 731 379 822 utroque
414 743 612 822 argumento
648 736 884 822 comprobatur
917 743 1052 822 poetam
1086 737 1199 801 animo
1230 737 1293 801 sibi

16 870 23 883 ·
126 866 195 909 non
231 844 474 929 excogitavisse'
504 843 575 909 deis
611 843 825 930 dirigendum
860 851 896 934 pt
918 844 1193 929 praecipiendum
1211 843 1291 923 esse,
1375 927 1377 931 y

127 951 210 1037 quid
234 951 387 1018 homines
421 952 555 1030 faciant,
590 950 648 1017 sed
673 952 807 1017 Ulixem
841 958 874 1017 et
896 951 1084 1017 Minervam
1104 937 1294 1037 ¹tamquam

127 1079 224 1144 pares
259 1058 346 1123 inter
369 1080 403 1123 se
427 1065 460 1122 et
483 1058 611 1123 sodales
635 1059 780 1124 finxisse.
839 1059 879 1122 ln
914 1059 1059 1124 consiliis
1093 1059 1175 1144 ipsis
1210 1059 1294 1123 duas

127 1171 239 1251 partes
270 1165 518 1250 distinguimus
554 1188 624 1230 non
648 1166 765 1231 eodem
788 1166 931 1231 modoa
961 1173 1059 1252 poeta
1083 1167 1293 1252 compositas

59 1262 62 1267 ⁵
113 1294 214 1359 ,quae
252 1272 390 1358 quidem
424 1295 493 1338 non
528 1274 688 1338 continua
711 1274 859 1339 oratione
883 1280 1107 1359 exponuntur,
1143 1274 1201 1339 sed
1236 1274 1293 1338 cir-

128 1382 209 1446 citer
232 1387 368 1446 centurn
391 1380 543 1446 versibus
567 1381 765 1446 intermissis
789 1381 1001 1446 dirimuntur.
1056 1381 1170 1446 Altera
1201 1387 1294 1466 parte

125 1477 309 1575 (306-10)
343 1488 495 1554 Minerva
518 1489 653 1553 Ulixem
687 1489 866 1553 hominum
900 1489 1123 1555 violentorum
1138 1489 1294 1574 ‘injurias

129 1595 259 1661 silentio
283 1596 368 1660 lerre
391 1595 495 1681 jubet,
532 1596 725 1681 quodcum
749 1597 837 1674 lacit,
874 1597 907 1660 in
945 1596 1094 1681 duplices
1129 1617 1191 1661 nec
1225 1618 1294 1661 non

128 1702 217 1768 leves
233 1703 376 1788 ineptias
389 1703 544 1782 incurrit;
569 1724 650 1771 narn
673 1703 850 1768 consilium
874 1725 951 1768 cum
975 1705 1067 1768 tenui
1082 1725 1194 1768 rerum
1210 1703 1295 1768 ltha-

129 1810 280 1876 censium
313 1809 536 1895 descriptione
569 1811 616 1875 ita
645 1811 828 1896 coniungit,
864 1817 902 1875 ut
932 1817 1114 1898 utrumque
1139 1811 1217 1876 satis
1242 1811 1295 1875 ob·

129 1938 266 2013 scarum
289 1917 465 2003 relinquat,
501 1939 568 2003 quo
603 1917 739 1996 accedit,
777 1919 869 2003 quod
903 1919 982 1984 satis
1019 1939 1183 2003 perverse,
1218 1939 1295 1982 cum

128 2024 355 2090 intercedendi
379 2045 496 2101 causas
520 2032 703 2103 enumerat,
733 2025 773 2090 de
802 2025 948 2090 consiliis
976 2025 1057 2111 ipsis
1081 2025 1183 2091 verba
1206 2025 1294 2089 lacit.

128 2116 243 2196 nitela
265 2153 344 2197 vero
368 2137 461 2216 pane
484 2131 668 2217 (aer-411
697 2137 736 2214 l
761 2132 925 2219 ras-39)
949 2133 1041 2198 unxi
1070 2133 1149 2196 sans
1173 2132 1296 2216 aperus

130 2246 162 2303 et
185 2238 350 2303 distinctis
367 2239 477 2304 verbis
495 2240 641 2324 exponit,
667 2261 737 2304 sese
761 2261 839 2304 eum
861 2240 1086 2305 inhominem
1103 2238 1296 2303 mendicum

130 2352 412 2411 commutaturam
436 2368 516 2425 esse,
542 2354 574 2412 et
596 2327 800 2431 praescribit,
824 2354 863 2411 ut
885 2346 928 2411 ad
952 2348 1141 2411 Eumaeum
1165 2367 1199 2410 se
1223 2344 1296 2410 ‘con-

128 2455 222 2532 ferat,
248 2475 289 2518 ex
313 2476 380 2539 quo
404 2453 445 2518 de
469 2455 568 2519 rebus
591 2453 822 2519 lthacensibus
845 2455 964 2520 certior
986 2454 1052 2518 fiat.
1112 2453 1186 2518 Hac
1217 2475 1296 2518 vero

128 2561 165 2625 in
188 2565 282 2646 parte
305 2583 374 2655 non
398 2561 601 2627 offendimur
624 2562 689 2626 nisi
714 2583 775 2640 eo‚·
788 2562 879 2648 quod
904 2568 1009 2647 poeta,
1044 2561 1103 2646 qui
1126 2552 1297 2626 Minervae

129 2668 307 2733 consilium
360 2668 471 2734 adhuc
527 2670 611 2734 bene
670 2670 863 2754 explanavit
916 2675 948 2734 et
1002 2667 1299 2733 commutationem

48 2826 49 2829 η
129 2777 239 2860 ipsam
273 2797 342 2840 non
366 2776 437 2840 sine
474 2783 543 2842 arte
573 2777 733 2862 depinxit,
770 2762 862 2861 quo'd
896 2777 950 2841 hic
984 2775 1106 2840 addere
1140 2775 1296 2859 neglexit,

130 2905 190 2950 our
219 2883 356 2948 omnino
380 2885 640 2951 commutatione
665 2906 749 2969 opus
773 2892 866 2949 esset.
901 2884 976 2959 Qua
1000 2882 1041 2947 de
1062 2904 1096 2946 re
1120 2882 1299 2946 Kirchhoff

130 2996 198 3076 (pg.
223 2989 300 3083 499)
324 2996 356 3056 et
381 2991 592 3058 Wilamovitz
627 2990 693 3078 (pg.
721 2991 795 3072 104)
828 2998 914 3056 recte
937 2990 1096 3056 videntur
1119 2989 1298 3063 coniecisse

131 3097 172 3163 ab
208 3120 261 3178 eo,
300 3099 358 3184 qui
396 3121 443 3164 vs.
469 3099 645 3163 412-428
686 3105 718 3163 et
751 3100 817 3164 440
856 3097 1078 3184 interpolavit,
1119 3097 1298 3161 nonnullos

131 3228 247 3271 versus
270 3227 446 3290 oppressos
471 3227 551 3284 esse,
576 3207 635 3292 qui
659 3206 930 3271 commutationis
955 3227 1055 3270 usum
1079 3211 1111 3269 et
1134 3204 1297 3268 rationem

123 3312 383 3387 continuissent.
449 3314 588 3378 Maximi
627 3320 740 3378 autern
779 3313 941 3378 momenti
979 3319 1037 3391 est,
1078 3311 1169 3397 quod
1207 3311 1297 3375 idem

132 3425 238 3504 poeta,
273 3420 368 3484 cuius
387 3420 554 3485 inscitiam
585 3443 716 3506 semper
746 3421 814 3485 lere
848 3418 1133 3505 reprehendimus,
1169 3419 1205 3482 in
1236 3419 1298 3483 hac

133 3533 224 3611 parte
248 3548 299 3592 res
324 3528 402 3592 satis
426 3527 602 3612 diligenter
625 3535 657 3593 et
680 3527 833 3593 distincte
858 3527 1003 3612 exponit.

64 3617 68 3623 ⁵
149 3645 154 3656 '
220 3634 371 3700 Tertium
395 3635 547 3700 Minerua
570 3635 702 3701 Ulixem
741 3635 782 3699 de
817 3634 916 3699 rebus
939 3633 1170 3698 ltlracensibus
1208 3633 1298 3698 certi-

132 3765 225 3808 orem
257 3743 346 3820 tacit
380 3743 427 3807 ita
461 3742 608 3828 quidem,
644 3749 681 3806 ut
715 3764 784 3806 non
819 3742 979 3807 continua
1002 3740 1150 3806 oratione
1179 3741 1299 3817 onmia

133 3856 272 3928 enarret,
297 3850 356 3914 sed
372 3850 498 3934 passim
514 3850 593 3915 locis
614 3850 771 3934 dispersis
787 3848 961 3936 (306-10,
978 3849 1116 3933 335-sq.‚
1135 3848 1299 3935 377-81)

133 3979 220 4043 quae
243 3957 361 4023 docere
385 3958 467 4036 vult,
492 3958 599 4041 magis
634 3956 811 4022 adumbret
834 3979 937 4041 quarn
969 3963 1122 4040 exponat.
1181 3956 1299 4039 ltaque

134 4065 257 4136 Ulixes,
284 4065 380 4129 initio
416 4064 511 4128 audit
542 4064 696 4129 homines
726 4064 889 4129 violentos
923 4063 985 4127 sibi
1017 4063 1158 4148 injurias
1182 4084 1299 4146 parare

134 4170 220 4258 (306.
246 4172 332 4258 310),
368 4172 464 4258 quod
483 4171 621 4257 quidem
644 4170 835 4255 intellegere
859 4192 927 4234 non
951 4176 1067 4255 potest.
1127 4170 1214 4233 ‘lum
1242 4170 1299 4232 Mi-

133 4303 245 4358 nerva,
281 4301 359 4345 cum
393 4278 608 4364 prudentiam
644 4279 715 4343 eius
757 4277 913 4342 laudibus
948 4279 1052 4354 effert,
1089 4277 1195 4342 obiter
1230 4298 1299 4361 per-

134 4388 266 4472 stringit
289 4386 479 4471 Penelopen
514 4387 549 4450 in
573 4386 720 4450 thalamo
744 4385 897 4450 lacrimas
922 4384 1061 4449 fundere
1092 4384 1230 4469 eiusque
1254 4405 1299 4447 re·

134 4495 242 4561 ditum
266 4493 463 4574 desiderare.
523 4493 596 4559 Hos
621 4499 734 4558 autem
757 4514 874 4558 versus
898 4491 1080 4578 (333—-38)
1104 4498 1136 4556 et
1159 4491 1300 4555 Alexan-
