3218 5332
699 310 920 374 -23-

157 536 159 539 ·
221 529 417 592 possumus,
475 507 559 593 quin
615 507 757 571 alterum
815 507 959 592 priscae,
985 512 988 516 ’
1019 507 1161 571 alterum
1216 506 1390 571 recentiori

221 615 321 680 aetati
359 615 562 693 tribuamus,
609 613 701 699 quod
739 613 879 698 quidem
916 635 994 678 cum
1032 613 1131 679 rebus
1169 615 1251 699 ipsis
1291 613 1390 698 plane

222 720 383 786 dissentit.

311 882 485 946 Praeterea
520 882 547 946 si
571 881 688 945 Graeci
726 881 772 944 eis
805 880 1021 965 temporibus,
1058 879 1116 945 ubi
1151 881 1301 945 carmina
1323 881 1390 944 Ho-
1440 876 1442 881 ’

220 989 346 1053 merica
370 986 666 1073 componebantur,
698 1008 718 1051 a
741 986 880 1051 deorum
904 987 996 1052 cultu
1020 988 1064 1052 ad
1088 988 1336 1073 neglegentiam
1359 994 1391 1052 et

221 1096 506 1181 contemptionem
544 1116 578 1159 se
618 1095 869 1173 convertissent,
916 1095 1041 1175 Iliadis,
1081 1118 1168 1181 quae
1206 1096 1391 1160 maximam

221 1195 350 1288 partem
374 1209 451 1268 ante
476 1203 661 1289 Odysseam
690 1209 851 1288 concepta
874 1210 932 1281 est,
969 1204 1171 1293 epiphaniae
1191 1203 1391 1289 plerumque

185 1355 189 1364 ·
221 1332 299 1375 cum
322 1311 444 1396 pietate
470 1311 619 1397 expictae
636 1316 755 1388 essent,
780 1331 950 1395 nusquam
973 1311 1017 1375 ad
1031 1317 1161 1375 tantam
1183 1311 1391 1396 impietatem

220 1417 376 1496 abissent,
402 1424 565 1504 quantam
588 1418 624 1481 in
641 1416 810 1503 Odysseae
827 1418 983 1482 extremis
1006 1417 1098 1482 libris
1114 1417 1323 1495 invenimus;
1349 1438 1391 1481 ex

220 1525 324 1589 altera
347 1531 461 1589 autem
484 1531 577 1609 parte
601 1546 713 1589 rerum
737 1530 858 1589 natura
880 1525 989 1603 ferret,
1014 1530 1051 1588 ut
1074 1531 1200 1610 poetae,
1233 1502 1292 1609 dui
1316 1530 1391 1609 post

220 1631 409 1696 Homerum
443 1632 589 1710 luerunt,
624 1631 728 1697 veluti
752 1630 927 1710 Pindarus,
965 1631 1161 1717 Aeschylus,
1199 1631 1389 1717 Sophocles

221 1738 300 1803 deos
324 1739 449 1825 priscos
472 1760 610 1825 prorsus
633 1738 869 1823 neglexissent.
929 1737 994 1802 Sed
1029 1745 1210 1823 utrumque
1245 1739 1281 1803 in
1316 1760 1390 1803 con-

219 1846 358 1910 trarium
395 1845 531 1911 accidit:
568 1845 718 1931 plerique
743 1845 843 1923 enim,
879 1845 938 1931 qui
962 1851 1037 1931 post
1071 1845 1259 1911 Homerum
1282 1867 1390 1931 usque

220 1953 264 2017 ad
288 1953 515 2039 sophistarum
549 1958 701 2038 tempora
736 1952 885 2016 carmina
920 1958 1189 2038 composuerunt,
1225 1953 1317 2018 velut
1349 1953 1389 2031 ei,

220 2082 305 2145 quos
339 2059 439 2124 modo
474 2059 696 2136 laudavimus,
732 2058 821 2137 deos,
855 2066 893 2123 ut
928 2081 969 2124 ex
1003 2060 1154 2145 ipsorum
1188 2058 1298 2125 verbis
1329 2081 1390 2140 pro

223 2174 311 2232 certo
336 2167 470 2245 scimus
496 2188 629 2231 summa
652 2188 730 2231 cum
754 2166 875 2252 pietate
900 2167 1089 2246 coluerunt;
1126 2167 1161 2230 in
1184 2166 1288 2231 Iliade
1311 2188 1390 2232 vero

223 2275 326 2339 etiam
349 2275 384 2338 in
409 2274 456 2338 eis
472 2273 633 2359 partibus,
659 2295 745 2359 quae
769 2279 846 2338 ante
864 2273 1050 2359 Odysseam
1074 2274 1277 2359 compositae
1301 2281 1389 2353 sunt,

221 2381 417 2467 saepissime
453 2381 532 2445 deos
566 2380 734 2465 neglectos
770 2386 803 2444 et
841 2363 1039 2465 epiphanias
1078 2381 1157 2445 satis
1196 2381 1299 2467 impie
1338 2380 1390 2446 de·

218 2489 357 2574 scriptas
392 2487 683 2573 deprehendimus.
754 2487 848 2563 Quae
885 2509 963 2552 eum
997 2488 1044 2552 ita
1077 2488 1152 2566 sint,
1189 2509 1237 2566 ea,
1262 2510 1390 2573 quaee

219 2595 379 2680 religione
412 2595 453 2659 de
487 2594 697 2679 singulorum
721 2593 870 2658 locorum
894 2593 1058 2659 aetatibus
1083 2594 1283 2672 efficiuntur,
1319 2601 1389 2660 tam
1470 2623 1474 2628 ·

219 2703 347 2767 incerta
382 2700 540 2767 videntur
574 2701 745 2779 fluctuare,
797 2707 841 2765 ut·
870 2701 1033 2766 eiusmodi
1066 2700 1240 2786 judicandi
1274 2708 1390 2766 notam

122 2899 131 2917 ·
219 2810 263 2874 ad
307 2809 448 2874 Homeri
498 2808 775 2893 compositionem
824 2808 1091 2893 cognoscendam
1134 2808 1292 2874 adhibere
1330 2810 1389 2875 vix

218 2938 397 3002 possimus.

312 3077 403 3154 Quin
427 3076 528 3141 etiam
553 3098 638 3161 quae
655 3076 755 3141 modo
780 3076 820 3141 de
838 3077 978 3141 Homeri
1002 3076 1100 3141 rebus
1125 3076 1248 3142 divinis
1271 3100 1388 3163 cogno-

219 3185 343 3262 vimus,
379 3183 462 3248 adeo
498 3205 576 3248 cum
611 3184 775 3248 sentiendi
799 3184 937 3249 rationis
960 3190 1081 3248 natura
1104 3184 1315 3264 dissentiunt,
1352 3192 1389 3250 ut
1452 3264 1456 3270 Δ

218 3292 416 3376 gravissima
439 3283 568 3354 'oriatur
599 3290 772 3368 dubitatio,
810 3312 894 3354 num
927 3292 1064 3355 omnino
1095 3290 1246 3376 religioni
1271 3293 1313 3356 sit
1336 3293 1388 3356 tri-

218 3398 402 3489 buendum,
439 3398 483 3462 si
501 3397 580 3462 deos
604 3419 682 3462 eum
705 3398 876 3483 impietate
908 3405 941 3462 et
972 3399 1183 3483 neglegentia
1206 3398 1388 3484 descriptos

218 3505 382 3571 videmus.
440 3505 483 3568 Et
517 3505 599 3569 haec
634 3504 797 3569 dubitatio
833 3505 972 3578 mirum.
989 3511 1154 3590 quantum
1179 3527 1216 3569 eo
1240 3526 1388 3591 compro-

218 3613 326 3691 batur,
352 3612 444 3696 quod
467 3611 625 3676 omnibus
649 3613 684 3675 in
709 3613 798 3690 locis,
835 3611 894 3675 ubi
918 3611 972 3676 dei
996 3634 1064 3676 non
1088 3622 1166 3676 cum
1190 3613 1312 3697 pietate
1336 3613 1387 3678 de-

217 3722 414 3805 pinguntur,
439 3726 556 3804 poetae
581 3719 682 3784 etiam
705 3719 779 3784 aliis
803 3718 844 3783 de
868 3717 967 3783 rebus
992 3719 1071 3782 satis
1087 3719 1209 3784 inertes
1233 3726 1265 3783 et
1280 3721 1387 3805 negle-

217 3834 334 3914 gentes
365 3849 399 3891 se
424 3826 602 3912 praebent:
644 3848 733 3891 nova
768 3825 831 3890 sibi
868 3826 1067 3911 excogitant,
1108 3847 1203 3911 quae,
1240 3849 1317 3905 cum
1352 3828 1387 3891 in

217 3935 323 4020 ipsius
348 3933 480 3999 fabulae
504 3940 702 4018 argumento
739 3955 807 3997 non
842 3933 950 4018 posita
983 3932 1057 4010 sint,
1095 3934 1299 3998 extrinsecus
1334 3933 1387 3998 ad-

218 4043 360 4120 duntur;
399 4063 447 4118 ea,
473 4040 647 4127 quaesibi
671 4040 904 4126 componenda
938 4047 1194 4126 proposuerunt,
1219 4041 1263 4133 ad
1285 4043 1386 4106 finem

218 4156 305 4214 recte
339 4148 520 4234 perducere
554 4155 737 4232 nequeunt,
774 4169 851 4212 cunr
887 4154 919 4211 et
953 4147 1106 4212 homines
1142 4154 1174 4212 et
1208 4147 1287 4213 deos
1317 4156 1386 4212 tam

217 4266 384 4342 perverse·
396 4277 431 4319 se
454 4261 606 4339 gerentes
623 4255 760 4332 iaciunt,
785 4262 822 4318 ut
844 4276 1084 4339 saepenumero
1100 4254 1278 4331 miremur,
1296 4255 1387 4339 quod

216 4363 426 4449 propositum
461 4361 679 4426 nihilominus
713 4362 855 4426 assecuti
892 4369 979 4426 sunt.
1038 4361 1088 4425 De
1123 4361 1272 4426 moribus
1306 4383 1386 4427 vero

217 4479 318 4556 atque
341 4469 452 4543 indole
477 4491 602 4547 eorum,
638 4491 722 4553 quos
747 4474 883 4553 agentes
907 4469 1044 4547 faciunt,
1083 4468 1246 4533 eiusmodi
1270 4475 1386 4554 poetae
