3218 5332
690 331 913 397 ...81-

216 527 427 594 adversarius
462 525 601 611 quidam
635 526 815 592 contendat
848 527 957 613 prisca
991 534 1142 613 tempora
1178 527 1381 613 simpliciora
1459 536 1465 547 '

216 655 299 710 esse,
331 655 434 719 quam
455 631 580 719 quibus
602 638 719 718 poetae
748 634 909 719 sagaciter
935 634 1204 721 excogitaverint,
1229 656 1297 720 qua
1319 635 1381 700 for-

216 763 274 806 ma
295 739 406 806 induti
428 739 482 806 dei
505 761 584 806 cum
606 740 800 806 hominibus
823 742 1061 806 commercium
1084 742 1243 821 facerent;
1273 742 1382 828 prisca

216 848 320 934 igitur
341 853 449 913 aetate
470 853 585 933 poetas
601 853 774 913 contentos
790 847 893 913 tuisse
909 848 1018 913 solum
1033 848 1193 914 adnotare
1207 848 1288 914 deos
1301 870 1382 914 cum

217 953 412 1020 hominibus
435 954 614 1020 collocutos
637 975 725 1033 essc;
750 960 865 1040 postea
881 976 960 1021 vero
983 962 1108 1040 poetas,
1125 976 1203 1020 oum
1226 976 1278 1021 res
1302 946 1392 1022 divi·¹

217 1083 280 1127 nas
304 1061 435 1127 acutius
447 1059 629 1126 deliberare
651 1061 830 1147 coeperint,
855 1060 1070 1147 quaesivisse,
1095 1061 1300 1147 quibusnam
1320 1063 1382 1127 tor-

217 1170 282 1234 mis
311 1167 478 1254 praeditos
502 1167 581 1233 deos
614 1189 692 1233 cum
720 1167 915 1234 hominibus
943 1168 1195 1254 congredientes
1225 1169 1381 1248 lacerent,

217 1281 250 1341 et
273 1282 347 1340 tum
370 1274 508 1361 demum
530 1274 728 1340 coelestibus
751 1276 876 1340 formas
899 1275 1067 1340 humanas
1090 1275 1247 1341 induisse.
1297 1276 1382 1352 Qua-

218 1404 294 1447 rum
317 1381 559 1447 sententiarum
582 1382 669 1446 iuter
692 1402 726 1447 se
750 1381 849 1467 plane
872 1382 1102 1468 oppositarum
1132 1404 1209 1447 cum
1240 1389 1382 1467 utraque

219 1489 346 1575 optimo
362 1488 434 1554 iure
456 1488 576 1566 valeat,
593 1488 809 1553 manifestum
833 1495 892 1567 est,
908 1510 930 1553 a
952 1489 1064 1575 priori,
1081 1495 1119 1554 ut
1134 1489 1276 1554 te1mino
1292 1510 1383 1554 nune

219 1596 341 1661 usitato
365 1601 450 1673 utar,
475 1594 516 1660 de
547 1594 684 1673 ratione,
709 1616 777 1680 qua
804 1602 921 1680 poetae
952 1595 1079 1681 priscae
1107 1601 1166 1661 aut
1193 1596 1383 1661 recentioris

219 1703 336 1768 aettltis
353 1701 432 1767 deos
449 1707 648 1787 apparentes
663 1702 810 1781 fecerint,
828 1703 966 1768 omuino
982 1702 1066 1766 nihil
1083 1702 1260 1788 dijudicari
1275 1724 1381 1789 posse.

306 1809 407 1875 Nunc
436 1828 514 1874 vero
541 1808 734 1874 invenimus
755 1808 836 1874 deos
860 1809 965 1874 eisin
989 1809 1079 1888 locis,
1103 1808 1161 1874 ubi
1189 1810 1385 1875 commutati

219 1922 392 2002 apparent,
410 1936 543 1981 summa
554 1935 632 1980 oum
644 1916 858 1982 veneratione
870 1915 1028 2002 depictos,
1046 1917 1093 1981 eis
1105 1922 1228 1995 autem,
1245 1915 1303 1981 ubi
1316 1937 1384 1981 non

219 2022 458 2089 commutatise
466 2021 662 2101 admiscent,
673 2023 927 2107 neglegenteret
935 2021 1385 2108 sinereverentiadescriptos

220 2151 300 2196 esso.
318 2129 465 2208 Accedit,
479 2128 570 2214 quod
581 2129 618 2193 in
630 2128 786 2194 omnibus
799 2130 927 2214 priscae
938 2130 1055 2194 aetatis
1064 2129 1253 2215 epiphaniis
1265 2128 1318 2194 dei
1329 2129 1384 2194 ali-

220 2237 292 2302 enis
314 2237 431 2302 formis
453 2235 564 2301 induti
595 2257 673 2300 cum
696 2235 890 2301 hominibus
918 2236 1189 2322 congrediuntur,
1213 2257 1331 2302 verum
1355 2237 1385 2300 ei

219 2345 293 2422 loci,
316 2343 375 2409 ubi
399 2364 468 2408 non
490 2343 686 2408 commutati
707 2349 882 2428 apparent,
904 2364 1022 2408 omnes
1045 2342 1284 2408 recentioribus
1306 2349 1384 2408 tem-

219 2449 358 2536 poribus
373 2449 526 2535 concepti
552 2456 640 2515 sunt.
681 2449 799 2534 Itaque
822 2451 949 2535 optimo
972 2450 1044 2515 iure
1058 2471 1233 2516 censemus
1257 2450 1383 2536 priscae

219 2557 337 2623 aetatis
365 2557 539 2643 proprium
570 2578 651 2636 esso,
683 2563 721 2622 ut
749 2556 802 2622 dei
830 2557 1025 2622 commutati
1053 2564 1246 2643 appareant,
1275 2578 1382 2622 recen-

220 2665 314 2730 tioris
330 2665 456 2742 aetatis,
474 2670 512 2729 ut
534 2664 659 2729 alienas
680 2664 804 2729 formas
820 2685 889 2729 non
911 2664 1062 2730 induant.
1102 2663 1196 2730 Istud
1211 2686 1290 2731 vero
1306 2685 1384 2730 cum

219 2771 431 2856 neglegentia
453 2771 576 2836 horum
598 2777 789 2856 temporum
810 2766 937 2856 optimd
966 2772 1138 2837 consentit.
1186 2772 1263 2837 Non
1292 2772 1383 2837 enim

221 2878 301 2943 deos
324 2900 393 2943 nou
408 2883 630 2943 commutatos
653 2876 728 2943 ideo
744 2885 880 2963 agentes
901 2878 1038 2958 faciunt,
1055 2878 1147 2964 quod
1163 2885 1384 2944 commutatos

221 2984 302 3050 deos
324 2983 520 3050 hominibus
543 3006 702 3070 apparens
725 3006 795 3050 non
816 3006 896 3050 cum
918 3005 1031 3050 rerum
1059 2985 1250 3052 divinarum
1273 2984 1384 3050 indole

222 3112 260 3157 ac
283 3098 405 3157 natura
426 3092 613 3157 consentire
637 3090 837 3171 existiment,
863 3091 921 3157 sed
942 3091 1035 3178 quod
1064 3093 1198 3172 formas,
1221 3113 1308 3178 quas
1329 3092 1384 3157 dei

222 3198 375 3278 induant,
397 3198 537 3265 omnino
560 3220 630 3264 non
653 3205 779 3264 curant.
819 3199 1025 3265 Huiusmodi
1048 3200 1150 3285 igitur
1172 3207 1280 3286 poeta,
1305 3221 1383 3265 cum

221 3306 337 3372 scribit
365 3309 480 3392 εἀγχοῦ
505 3309 534 3374 d'
560 3313 730 3395 ἱσταμένη.
747 3318 891 3397 προσέφη
920 3309 1110 3391 γλαυκῶπις
1142 3307 1275 3395 uterq
1295 3305 1328 3391 (o
1351 3306 1384 3394 9)

223 3414 341 3491 torma,
374 3434 443 3498 qua
470 3412 535 3478 dea
565 3433 626 3477 usa
658 3413 709 3492 sit,
739 3434 810 3477 non
839 3413 964 3492 addita,
995 3436 1064 3479 non
1095 3414 1282 3499 significare
1313 3413 1386 3480 vult

224 3519 412 3586 Minervam
432 3519 539 3605 ipsius
568 3520 678 3584 forma
699 3541 806 3599 usam,
831 3540 900 3584 non
928 3527 1171 3586 commutatam
1196 3520 1384 3599 accessisse,

225 3626 284 3693 sed
307 3627 444 3691 omnino
464 3626 509 3693 de
532 3625 614 3691 deas
636 3627 745 3692 torma
765 3647 926 3712 quaerere
949 3627 1086 3693 distulit.

314 3733 553 3819 Cognoscimus
576 3741 689 3799 outoni
710 3755 753 3798 ex
776 3734 833 3813 eis,
866 3754 954 3819 quae
988 3734 1089 3800 modo
1118 3733 1385 3814 deliberavimus,

225 3841 423 3907 Homericos
458 3846 572 3926 poetas
607 3861 628 3905 a
658 3839 732 3906 deis
766 3841 978 3906 commutatis
1018 3863 1056 3906 eo
1089 3841 1310 3919 descendisse,
1349 3848 1387 3906 ut

227 3949 361 4026 formas,
386 3946 509 4032 quibus
532 3947 642 4012 induti
666 3947 719 4012 dei
742 3954 951 4033 apparerent,
975 3969 1044 4013 non
1067 3947 1236 4014 adderent.
1269 3948 1387 4034 Neque

226 4074 306 4121 vero
341 4074 628 4139 supervacaneum
661 4053 804 4133 videtur,
839 4055 941 4120 etiam
974 4055 1103 4140 reliqua
1126 4061 1332 4140 argumenta,
1370 4077 1387 4120 e

223 4159 350 4247 quibas
369 4160 415 4226 de
439 4161 647 4247 singularum
671 4160 927 4247 epiphaniarum
961 4161 1073 4254 indole
1108 4168 1140 4227 et
1174 4154 1387 4248 661616]υῶ-

224 4267 392 4347 eavimus,
437 4266 582 4335 breviter
621 4288 807 4347 recensere,
843 4274 882 4332 ut
914 4268 1161 4354 intellegamus,
1178 4335 1179 4340 ,
1197 4289 1264 4354 quo
1298 4275 1387 4334 certo

228 4374 344 4441 ordine
368 4373 541 4460 diligentia
568 4375 606 4440 in
635 4375 734 4441 rebus
757 4375 880 4442 divinis
911 4375 1132 4461 depingendis
1155 4375 1279 4442 sensim
1302 4396 1387 4442 oom-

227 4482 360 4549 miuuta
377 4481 433 4550 sit.

1215 4592 1231 4647 t
