3218 5332
647 260 921 386 ...44-

229 522 268 583 ut
290 524 322 582 et
345 518 499 584 desiderii
524 525 556 584 et
577 518 710 603 inopiae
734 519 817 584 ratio
841 519 957 604 aequis
973 517 1123 603 partibus
1146 517 1181 582 in
1203 519 1267 583 hoc
1291 517 1402 584 verbo

228 626 447 703 contineatur,
483 627 603 691 velutsi
638 626 752 710 populi
784 625 917 710 regibus
941 626 1080 690 mortuis
1104 627 1204 715 ἄρχον
1227 631 1402 695 ποθοῦσιν

229 731 267 818 (Β
292 733 364 797 703.
392 735 463 798 709.
491 734 563 797 726.
591 733 677 818 778),
714 735 766 799 vel
800 734 915 799 Ulixes
949 732 1205 817 gubernatorem
1241 731 1270 818 (κ
1304 730 1400 821 505),

228 839 448 905 Telemachus
484 843 587 910 πολύν
621 848 732 921 βίοτον
769 837 871 928 (ποθή
906 848 930 921 β
967 841 1062 922 126),
1109 840 1215 924 pisces
1267 862 1400 926 aquam

228 945 262 1031 (χ
286 945 362 1033 387)
386 949 544 1032 cupiunt;
570 948 714 1032 denique
739 948 765 1012 si
790 948 905 1012 Ulixes
929 953 1031 1032 optat,
1068 968 1110 1011 ne
1133 947 1300 1032 Euryalus
1334 969 1400 1011 un-

232 1075 335 1138 quam
357 1054 520 1139 gladium,
545 1053 637 1139 quod
652 1053 694 1118 ab
711 1076 749 1118 eo
773 1040 860 1118 dono
882 1061 1063 1138 acceperat,
1088 1053 1262 1143 retinuisse
1279 1054 1400 1139 cupiat

231 1166 290 1224 aut
312 1161 461 1245 indigeat
485 1161 523 1248 (θ
546 1161 631 1247 414).
691 1162 863 1225 Postremo
898 1167 1010 1225 autem
1040 1161 1076 1224 in
1098 1160 1161 1225 hoc
1184 1160 1286 1226 verbo
1311 1161 1398 1226 desi-

132 1352 138 1361 ,
229 1266 312 1331 derii
342 1269 432 1332 notio
456 1289 592 1353 prorsus
616 1270 684 1333 fere
708 1269 853 1346 evanuit,
878 1289 956 1332 cum
986 1268 1118 1353 inopiae
1146 1268 1229 1333 ratio
1252 1268 1300 1332 ita
1322 1290 1398 1353 pre-

226 1381 381 1453 meretur,
405 1383 443 1439 ut
466 1384 591 1457 ποθεῖν
613 1376 702 1440 idem
726 1377 794 1440 lere
818 1382 904 1440 esset
926 1382 1026 1460 atque
1050 1375 1199 1459 indigere
1222 1375 1275 1440 vel
1302 1397 1397 1454 „non

226 1481 370 1546 habere‘
406 1483 459 1548 vel
496 1482 724 1561 „desiderare‘
761 1483 826 1562 (cui
849 1482 951 1547 verbo
986 1483 1022 1546 in
1045 1482 1149 1546 latina
1171 1482 1288 1566 lingua
1311 1483 1397 1547 item

226 1587 381 1654 desiderii
411 1590 503 1665 notio
536 1611 604 1654 non
635 1611 708 1654 raro
734 1589 862 1658 interiit
893 1590 949 1654 cfr.
983 1589 1075 1654 Caes,
1106 1589 1178 1653 bell.
1205 1589 1288 1654 Gall.
1315 1589 1396 1655 VII.

225 1696 276 1759 51.
303 1695 343 1781 3).
402 1697 519 1781 Itaque
543 1697 634 1782 proci
659 1704 823 1765 ποθοῦσιν
845 1696 877 1760 h.
904 1718 930 1761 e.
956 1695 1146 1760 desiderant
1168 1717 1271 1765 arma.
1305 1718 1396 1781 quae

227 1803 341 1868 Ulixes
366 1825 433 1867 una
457 1825 533 1868 eum
558 1804 756 1869 Telemacho
780 1803 990 1868 abscondidit
1019 1802 1057 1888 (π
1080 1803 1154 1880 287,
1178 1831 1197 1870 π
1220 1803 1264 1888 6),
1301 1803 1402 1868 Tele.

224 1911 364 1975 machus
387 1918 489 1995 negat
512 1910 574 1975 sibi
599 1913 714 1997 ποθήν
747 1917 860 1989 ξενίων
884 1931 954 1975 0000
979 1909 1005 1996 (ο
1029 1911 1102 1974 514.
1128 1909 1205 1995 546)
1236 1909 1268 1972 h.
1295 1931 1321 1974 e.
1358 1932 1395 1975 se

227 2017 274 2081 eis
298 2017 478 2082 abundare.
512 2018 640 2082 Eodem
664 2018 727 2082 hoc
743 2024 895 2082 nostrum
919 2025 984 2086 τῶν
1007 2025 1068 2104 μὲν
1091 2020 1142 2104 ἄρ’
1168 2018 1207 2086 οὔ
1230 2045 1261 2082 τι
1286 2019 1394 2084 πόθει

226 2123 439 2188 referendum
474 2131 522 2189 est
545 2123 575 2210 (ν
599 2124 689 2222 219),Ι
721 2147 788 2210 quo
824 2125 1030 2210 significatur
1059 2124 1193 2189 Ulixem
1228 2124 1269 2189 de
1302 2130 1393 2189 certo
1501 2121 1503 2129 ’

224 2253 364 2295 numero
399 2231 482 2295 nihil
517 2231 711 2297 desiderare.
789 2233 888 2296 Hanc
923 2252 1001 2297 vero
1024 2231 1195 2295 notionem
1220 2252 1289 2295 non
1324 2231 1392 2295 nisi
1437 2240 1442 2248 '

224 2359 263 2401 ea
286 2343 401 2416 aetate,
427 2360 495 2422 qua
517 2346 643 2423 poetae,
680 2360 756 2404 curn
792 2360 843 2404 res
877 2338 1015 2403 minoris
1046 2337 1208 2402 momenti
1230 2337 1393 2421 gravibus

225 2443 336 2509 verbis
360 2453 558 2530 premerent,
584 2445 624 2510 de
647 2448 839 2530 graviorum
863 2444 1043 2511 verborum
1065 2444 1099 2511 vi
1122 2444 1295 2513 detrahere
1319 2465 1390 2510 coe-

224 2559 347 2635 perunt
369 2552 401 2615 h.
428 2573 454 2616 e.
480 2559 566 2617 certe
590 2574 658 2617 non
682 2554 790 2637 prisca
820 2559 926 2617 aetate
950 2552 1119 2637 irrepsisse
1143 2573 1184 2616 ex
1208 2551 1264 2628 eie,
1301 2573 1391 2636 quae

223 2658 323 2723 modo
357 2659 583 2744 exposuimus,
619 2681 718 2724 nemo
754 2660 897 2745 negabit.
956 2659 1130 2723 Praeterea
1164 2679 1229 2723 vox
1254 2658 1394 2739 ἄγοντες

223 2764 311 2851 (216)
334 2767 396 2831 hoc
421 2767 491 2831 loco
515 2769 562 2832 ita
584 2767 717 2832 videtur
741 2767 868 2846 detrita,
904 2773 941 2831 ut
964 2766 1047 2831 10100
1083 2767 1151 2830 fere
1186 2773 1387 2850 usurpetur:

224 2894 381 2957 namque,
417 2880 455 2937 ut
478 2875 614 2939 Classen
640 2874 829 2960 (Beobacht.
855 2874 909 2938 ub.
936 2874 965 2937 d.
992 2873 1223 2938 homerischen
1248 2873 1389 2958 Sprach-

223 2978 402 3064 gebrauch,
436 2981 571 3045 Frankl.
601 2983 683 3046 1867
708 3004 762 3067 pg.
789 2981 951 3068 81)10010
986 2980 1079 3058 vidit,
1104 2979 1279 3065 participia
1303 2981 1390 3066 ἔχων

221 3093 381 3175 01φέρων
405 3093 506 3172 atque
530 3085 618 3170 ἄγων
642 3110 680 3153 eo
708 3089 876 3166 differunt,
902 3087 1003 3173 quod
1027 3087 1084 3151 illa
1115 3109 1183 3151 non
1218 3087 1282 3151 nisi
1307 3108 1386 3152 curn

220 3192 328 3272 rebus,
364 3194 427 3259 hoc
450 3216 527 3258 cum
550 3186 752 3260 animalibus
780 3195 1018 3279 coniungitur:
1039 3215 1124 3279 quae
1160 3215 1211 3268 res
1244 3194 1280 3257 in
1315 3200 1387 3259 ve'r·

220 3299 340 3364 borum
362 3301 513 3386 ipsorum
536 3303 671 3367 notione
706 3302 814 3387 posita
849 3302 917 3366 solo
941 3302 976 3366 in
1007 3302 1069 3366 hoc
1093 3301 1164 3365 loco
1187 3300 1385 3385 neglegitur.

219 3406 295 3470 lstis
319 3408 421 3492 igitur
443 3409 544 3474 variis
569 3409 609 3474 de
633 3410 741 3474 causis
765 3431 881 3475 versus
905 3436 924 3476 ν
948 3409 1132 3485 215-219,
1168 3408 1227 3472 ubi
1261 3409 1385 3473 iterum

219 3513 408 3578 Phaeacum
444 3515 532 3580 dona
555 3517 625 3581 1000
649 3538 717 3581 non
741 3524 819 3602 apto
843 3516 990 3601 majoris
1016 3537 1118 3600 quam
1141 3536 1202 3600 par
1225 3522 1283 3593 est,
1315 3538 1384 3580 mo-

219 3619 323 3685 menti
348 3622 442 3700 liunt,
467 3623 682 3708 interpolatos
706 3645 890 3688 censemus

307 3728 398 3793 Ulixi
422 3729 532 3814 igitur,
569 3731 627 3814 qui
662 3730 773 3795 dolore
798 3751 976 3814 oppressus
1013 3730 1109 3794 litora
1131 3735 1287 3814 pererrat,
1324 3730 1385 3794 Mi-

217 3856 321 3899 nerva
355 3835 489 3901 obviam
523 3837 550 3900 it
583 3837 805 3902 adulescentis
837 3836 974 3921 ingenui
1005 3838 1114 3901 forma
1141 3835 1257 3900 induta
1284 3842 1316 3901 et
1338 3836 1383 3902 ab

216 3940 272 4005 illo
297 3941 338 4006 de
362 3950 467 4008 terrae
490 3945 626 4008 nomine
651 3945 810 4028 quaesita,
839 3965 917 4008 cum
941 3943 981 4008 de
1004 3943 1192 4028 ignorantia
1216 3943 1286 4008 eius
1310 3965 1384 4009 sese

215 4048 330 4113 mirari
364 4049 507 4128 simulat,
545 4051 677 4115 Ithacae
707 4073 831 4115 nomen
855 4050 1058 4135 pronuntiat.
1116 4050 1174 4114 1110
1198 4071 1286 4127 vero,
1323 4052 1384 4136 qui

216 4155 323 4219 reditu
348 4156 563 4221 vehementer
585 4157 709 4242 gaudet
733 4156 886 4245 (γήθησεν
913 4171 1034 4245 χαίρων
1050 4159 1136 4240 250),
1172 4157 1248 4221 ficta
1271 4179 1382 4222 narra-

215 4262 366 4327 tiuncula
390 4262 486 4327 dcam
513 4263 553 4328 de
578 4286 611 4329 se
636 4265 771 4350 suisque
795 4264 1069 4328 latis‘certiorem
1093 4264 1179 4328 facit.
1213 4265 1287 4328 Hoc
1311 4265 1382 4329 fore

179 4366 182 4370 ’
214 4369 333 4454 prioris
357 4369 461 4455 partis
484 4378 721 4455 argumentum
745 4379 802 4436 est.

151 4567 155 4577 Ι
256 4489 259 4493 ’
303 4476 431 4542 Verum
454 4483 636 4563 antequam
660 4479 900 4558 examinemus,
937 4479 1106 4566 quomodo
1140 4480 1203 4546 hac
1227 4480 1262 4544 in
1286 4488 1381 4575 parte
