3218 5332
702 326 922 391 ..77-

223 520 320 602 parvi
355 519 517 584 momenti
551 520 662 585 luisse.
722 521 788 586 Hic
822 543 901 588 vero
936 527 1057 600 noster,
1094 523 1152 607 qui
1187 521 1282 586 deam
1319 544 1388 586 non

223 633 464 691 commutatam
487 648 565 692 cum
588 627 787 693 Telemacho
812 668 851 675 —
878 629 921 708 id,
954 629 1046 714 quod
1075 636 1174 694 antea
1196 630 1232 694 in
1255 629 1338 695 libro
1362 659 1389 697 π

223 734 318 798 nefas
342 740 411 799 erat
443 771 475 780 ψ
497 734 768 819 congredientem
802 737 890 815 lacit,
926 736 1071 801 ostendit
1098 758 1169 801 sese
1193 736 1274 801 deae
1297 759 1387 822 prae-

223 841 367 906 sentiam
401 862 470 905 non
493 841 541 905 ita
563 842 678 926 magni
701 843 888 908 aestimare.

312 1002 406 1067 Idem
431 1003 650 1088 cognoscitur,
676 1003 703 1068 si
727 1003 894 1088 respicias,
920 1004 1089 1088 quomodo
1105 1004 1296 1068 Telemachi
1320 1005 1386 1068 arii-

222 1131 299 1174 mus
323 1109 493 1175 Minervae
517 1131 697 1194 congressu
721 1117 979 1176 commoveatur.
1038 1111 1159 1175 Priscis
1194 1111 1284 1175 eninr
1308 1116 1387 1175 tem—

221 1215 361 1300 poribus
385 1222 559 1301 tamquam
583 1216 744 1282 attonitus
760 1216 942 1302 obstupuit,
967 1238 1045 1282 cum
1062 1217 1159 1282 dcam
1176 1224 1388 1302 cognosceret

221 1322 466 1402 abscedentem,
489 1322 601 1388 media
624 1330 730 1388 aetate
753 1324 898 1403 Ulixem,
934 1346 1035 1409 quem
1064 1324 1165 1388 deum
1189 1346 1259 1389 esse
1283 1326 1387 1410 suspi-

221 1430 370 1509 cabatur,
405 1431 464 1496 vix
496 1430 600 1495 oculis
623 1430 759 1495 intentis
783 1431 929 1517 aspicere
953 1453 1054 1496 ausus
1079 1438 1127 1495 est
1161 1425 1385 1520 (1111866),

221 1537 276 1601 hic
299 1558 378 1603 vero
401 1537 459 1602 ubi
483 1537 580 1602 deam
604 1559 673 1602 non
697 1526 937 1603 commutatam
972 1539 1015 1602 ad
1043 1537 1152 1603 cubile
1176 1560 1275 1603 suum
1299 1560 1386 1604 acce—

221 1644 356 1710 dentem
387 1645 487 1724 videt,
523 1667 566 1710 ne
599 1643 701 1710 verbo
737 1644 874 1729 quidem
899 1667 933 1709 se
956 1646 1142 1711 reverentia
1164 1651 1223 1709 aut
1246 1645 1386 1710 admira-

220 1751 310 1816 tione
327 1752 485 1821 affectum
501 1774 572 1817 esse
588 1751 742 1830 ostendit,
768 1751 825 1816 sed
842 1758 1021 1838 postquam
1038 1751 1100 1817 dea
1122 1752 1213 1830 abiit,
1238 1753 1385 1817 Pisistra-

220 1865 294 1923 tum
318 1860 589 1944 expergelactum
623 1859 809 1944 profectum
843 1858 939 1945 jubet
973 1879 1174 1944 comparare.
1234 1859 1385 1944 Utroque

220 1972 331 2031 autem
369 1987 410 2031 ex
444 1973 641 2051 argumento
666 1972 814 2051 apparet,
850 1971 888 2029 ut
922 1973 1021 2051 poeta
1045 1965 1195 2031 divinam
1230 1972 1385 2030 naturam

220 2073 320 2158 plane
343 2073 535 2158 neglexerit,
560 2095 664 2158 quam
687 2071 729 2137 ob
754 2094 824 2137 rem
841 2071 983 2137 dubium
998 2095 1067 2137 non
1091 2079 1149 2150 est,
1175 2073 1258 2158 quin
1275 2074 1385 2137 locum
1430 2082 1437 2095 '

220 2208 236 2244 ο
262 2180 380 2244 ’1-43
417 2201 495 2245 curn
529 2179 739 2245 Kirchhoffio
776 2189 846 2265 (pg.
879 2180 943 2245 502
976 2192 1039 2265 sq.)
1073 2186 1105 2244 et
1139 2179 1385 2246 Wilamovitzio

219 2286 285 2374 (pg.
304 2287 346 2351 92
363 2286 425 2373 sq.)
449 2285 687 2352 recentioribus
711 2285 917 2371 temporibus
941 2286 1137 2351 tribuamus.
1156 2326 1200 2336 —
1220 2287 1265 2351 At
1287 2294 1386 2372 poeta

219 2394 408 2460 Minervam
442 2393 485 2458 ad
509 2392 692 2479 Olympum
727 2392 922 2458 redeuntem
952 2394 1046 2458 lacit!
1085 2433 1126 2442 -
1162 2393 1290 2472 Fateor,
1327 2393 1385 2458 sed

218 2501 278 2586 qui
303 2500 530 2586 neglegentias
561 2500 661 2565 modo
685 2506 961 2565 commemoratas
985 2500 1161 2579 commisit,
1198 2501 1386 2565 Minervam

218 2589 431 2693 nequeartis
454 2629 564 2692 neque
588 2607 756 2692 religionis
787 2606 971 2672 rationibus
994 2614 1165 2693 permotus
1189 2613 1317 2672 eterra
1340 2606 1385 2670 di-

217 2715 327 2781 misit:
352 2714 456 2781 immo
479 2714 673 2793 nihilfecit,
705 2715 770 2779 nisi
801 2714 892 2800 quod
915 2736 1050 2804 versum
1072 2714 1125 2792 43,
1160 2736 1227 2799 quo
1252 2714 1384 2799 epipha-

217 2822 294 2887 niae
317 2822 450 2908 saepius
473 2822 719 2887 concluduntur
741 2820 809 2906 (cfr.
837 2821 1044 2900 11468194,
1069 2821 1242 2886 11307611.
1261 2850 1276 2887 o
1293 2821 1383 2906 454),

218 2929 254 2994 111
281 2930 387 3014 ipsius
422 2951 538 2995 versus
561 2929 709 2994 inseruit.
768 2929 923 3014 Denique
958 2927 1049 3013 quod
1085 2949 1221 2993 causam
1256 2929 1383 3006 attinet,

219 3058 287 3122 qua
309 3042 461 3121 permota
485 3036 636 3102 Minerva
659 3034 838 3115 descendit,
875 3035 1019 3100 concedo
1055 3035 1126 3101 eius
1161 3035 1285 3100 auxilio
1315 3057 1384 3099 non

218 3143 399 3229 indignum
415 3165 495 3222 esse,
520 3142 611 3228 quod
626 3142 875 3222 Telemachum,
901 3143 959 3228 qui
983 3142 1024 3207 de
1048 3142 1151 3228 patris
1168 3142 1277 3207 reditu
1300 3142 1385 3206 nihil

219 3256 427 3336 compertum
443 3241 445 3246 ’
464 3249 574 3329 habet,
610 3249 725 3316 divina
760 3272 821 3315 sua
843 3251 1038 3314 auctoritate
1059 3255 1199 3315 revocat.
1257 3249 1384 3314 Verum

219 3358 311 3444 quod
327 3358 465 3423 omnino
478 3356 697 3446 Telemachus
719 3357 872 3422 nondum
895 3342 1039 3435 revertit,
1065 3378 1272 3441 quamquam
1285 3363 1384 3420 antea

219 3487 254 3531 66
303 3486 408 3550 quam
441 3464 611 3530 celerrime
647 3465 875 3550 profecturum
921 3465 1090 3550 professus
1126 3470 1196 3528 erat
1230 3462 1261 3550 (ὅ
1295 3463 1383 3550 1594),

218 3573 453 3658 gravissimam
476 3576 589 3637 movet
612 3572 841 3650 offensionem,
877 3592 944 3656 quo
968 3554 1104 3649 accedit,
1143 3569 1234 3657 quod
1269 3570 1383 3636 divino

220 3680 357 3745 demum
379 3678 530 3765 imperia,
555 3684 595 3743 ut
616 3678 753 3743 tandem
777 3678 898 3757 redeat,
924 3684 1110 3743 commotus
1134 3684 1192 3742 est.

306 3840 482 3906 Accedunt
516 3846 629 3905 autem
659 3838 766 3904 multa
788 3839 854 3904 alia
883 3845 1090 3924 argumenta,
1128 3837 1250 3923 quibus
1275 3859 1383 3904 recen·

219 3947 311 4013 tioris
334 3954 451 4034 poetae
474 3946 606 4012 inscitia
628 3946 807 4011 manifesta
829 3946 873 4010 fit.
930 3945 1021 4022 Quid
1045 3947 1136 4010 enim
1160 3952 1217 4024 est,
1230 3967 1302 4010 cur
1325 3946 1383 4010 Mi-

219 4077 323 4121 nerva
351 4054 528 4120 mendacia
550 4053 666 4118 dicat?
713 4052 909 4138 Siquidem
944 4074 1028 4138 opus
1052 4059 1122 4117 erat
1145 4053 1384 4118 Telemachum

219 4183 384 4241 revocare,
409 4160 527 4227 eodem
549 4161 623 4247 jure
646 4160 750 4245 patris
773 4159 919 4225 reditum
941 4160 1097 4224 nuntiare
1120 4167 1250 4244 poterat
1279 4181 1383 4244 quam

142 4252 147 4263 ’
220 4269 342 4355 ineptis
365 4267 549 4334 mendaciis
572 4267 764 4353 Penelopen
796 4267 1001 4332 calumniari.
1060 4266 1126 4332 Sed
1152 4273 1266 4352 poeta,
1306 4289 1384 4331 cum

219 4377 283 4443 ista
305 4376 394 4456 lacit,
419 4375 564 4440 ostendit
580 4395 650 4440 6666
665 4374 848 4459 Penelopes
871 4396 940 4440 non
963 4367 1076 4438 minus
1092 4395 1196 4459 quam
1212 4373 1382 4439 Minervae

219 4490 376 4550 naturam
414 4488 515 4568 atque
552 4481 700 4549 indolem
738 4481 922 4568 neglegere,
971 4480 1115 4546 ostendit
1154 4502 1298 4567 quoque,
1345 4487 1382 4548 ut
