3218 5332
684 359 728 373 ...
777 325 908 391 80·-

215 522 308 590 verit.
357 521 447 598 Quid
471 521 593 605 plura?
619 521 786 585 —Etiam
810 522 873 585 hac
896 523 931 584 in
955 520 1136 606 epiphania
1159 520 1385 586 recentiorum

215 635 405 714 temporum
429 628 673 713 neglegentiam
697 629 938 713 cognoscimus,

307 753 483 819 Accedunt
498 753 564 818 alia
579 753 771 817 recentioris
787 754 903 818 aetatis
919 760 1127 839 argumenta,
1143 754 1237 819 velut
1252 775 1300 820 vs.
1320 753 1386 817 192

218 861 291 931 voci
317 861 434 951 πρῶτα
459 860 656 926 adverbium
681 860 924 940 correlativum,
956 882 1023 946 quo
1047 860 1254 926 enumeratio
1283 861 1387 925 conti-

216 964 362 1047 nnetur,¹
379 967 480 1045 deest,
516 989 594 1032 cnm
627 975 734 1052 poeta,
774 975 953 1052 postquam
982 968 1168 1034 Minervam
1192 968 1387 1053 Penelopen

217 1076 364 1160 primunr
380 1074 628 1159 pulchritudine
653 1075 789 1139 unxisse
812 1075 970 1153 narravit,
990 1074 1072 1159 quid
1087 1074 1150 1140 dea
1165 1075 1286 1140 deinde
1302 1076 1387 1140 lece·

217 1183 268 1259 rit,
300 1203 368 1246 non
400 1181 510 1246 addat.
557 1181 685 1246 Eodem
716 1182 751 1245 in
782 1203 882 1247 versu
913 1182 1065 1247 Minerva
1094 1181 1285 1268 Penelopen
1315 1204 1388 1246 non

217 1295 390 1373 unguento
414 1288 561 1372 quodam
585 1288 638 1353 vel
662 1287 838 1367 ambrosia,
863 1310 931 1374 qua
954 1289 1007 1354 dei
1030 1289 1162 1355 varium
1185 1289 1221 1353 in
1244 1289 1388 1354 modum

220 1397 268 1461 uti
294 1396 401 1460 solent
424 1395 493 1483 (cfr.
511 1394 654 1480 Ebeling
678 1417 702 1459 s.
723 1395 775 1480 11),
801 1394 859 1460 sed
882 1417 975 1461 mera
998 1395 1247 1480 pulchritudine
1264 1396 1390 1481 unguit

218 1504 409 1592 (ἀμβρόσιος
433 1534 476 1557 =
500 1501 656 1583 divinus).
704 1505 885 1593 ‘praediea
912 1509 994 1587 puto
1018 1503 1131 1567 luisse’
1160 1503 1207 1567 ait
1229 1502 1389 1568 Wilamo-

218 1610 283 1676 vita
311 1609 376 1697 (pg.
409 1609 473 1695 32),
506 1615 593 1673 reete
624 1608 771 1692 quidem,
805 1609 864 1673 sed
895 1610 1022 1694 priscae
1053 1609 1170 1674 aetatis
1201 1616 1299 1695 poeta
1327 1631 1389 1673 un-

217 1723 380 1801 guentum
405 1722 493 1781 certo
509 1716 646 1781 nomine
669 1715 877 1801 appellasset,
896 1716 986 1802 quod
1010 1715 1147 1802 quidem
1163 1717 1390 1782 recentiorum

218 1830 407 1909 temporum
418 1821 611 1902 hominibus
622 1844 689 1887 non
700 1821 973 1908 placebat—vs.
985 1823 1389 1911 1951001001110110110)

218 1931 341 1996 recenti
364 1931 459 1994 initio
483 1936 634 2015 receptus
659 1930 811 2008 est;‘hoc
828 1951 906 1996 vero
931 1930 973 1995 ab
989 1931 1092 2016 hujus
1115 1936 1232 2016 poetae
1249 1931 1390 2017 ingenio

219 2060 286 2102 non
316 2025 366 2102 ita
395 2036 559 2111 abhorret,
590 2043 627 2101 ut
656 2036 865 2101 Kirehholfio
897 2037 1135 2116 adsentiamus,
1165 2038 1224 2123 qui
1247 2059 1295 2104 vs.
1324 2039 1390 2103 195

219 2144 458 2230 interpolatum
474 2151 587 2209 censet
609 2143 674 2229 (pg.
700 2143 785 2232 520).
826 2145 866 2209 In
890 2145 1085 2210 universum
1109 2151 1232 2223 autem,
1260 2166 1303 2209 ne
1319 2144 1390 2210 lon-

221 2274 285 2338 gus
309 2252 382 2330 sim,
400 2252 457 2330 eis,
475 2272 561 2334 quae
586 2250 626 2315 de
649 2250 791 2316 versibb.
821 2251 1391 2330 190-9reffeeiinus,sententiam

221 2357 458 2424 Wilamovitzii
491 2358 773 2437 confirmavimus,
798 2359 857 2443 qui
880 2380 927 2423 vs.
954 2380 975 2424 σ
998 2359 1170 2424 158-303
1201 2359 1391 2424 recentiori-

220 2466 282 2531 bus
306 2464 512 2551 temporibus
535 2465 676 2530 insertos
700 2486 771 2531 esse
795 2465 1006 2550 sagacissime
1031 2465 1281 2532 demonstravit.

671 2771 674 2778 ’
756 2805 853 2891 aar.

310 2986 410 3062 Quod
433 2990 612 3070 postquam
636 3005 752 3049 omnes
775 2983 943 3069 Odysseae
966 2984 1064 3064 10000,
1087 2982 1147 3048 ubi
1170 2983 1224 3048 dei
1247 2990 1391 3049 0100111-

221 3095 341 3159 mutati
374 3099 406 3157 et
439 3113 508 3156 non
549 3091 744 3155 commutati
778 3112 856 3156 cum
890 3090 1083 3156 hominibus
1116 3090 1391 3176 congrediuntur,

221 3200 508 3288 perlustravimus
540 3198 689 3283 quaestio
718 3199 875 3277 nascitur,
900 3203 1014 3262 utrum
1037 3197 1186 3283 priorum
1210 3219 1255 3263 an
1278 3220 1390 3264 recen·

223 3309 347 3373 tiorum
370 3313 560 3391 temporum
584 3305 758 3391 proprium
782 3306 824 3370 sit
839 3305 918 3370 deos
941 3311 1162 3370 commutatos
1183 3325 1261 3370 cum
1284 3305 1391 3371 homi-

221 3416 322 3481 nibus
353 3414 579 3497 colloquentes
610 3411 673 3476 sibi
702 3413 904 3497 excogitare;
938 3433 1024 3497 qnae
1056 3433 1108 3477 res
1138 3434 1159 3477 a
1181 3413 1346 3498 principio
1372 3435 1391 3478 e

224 3522 344 3608 prioris
368 3528 426 3586 aut
449 3520 639 3605 posterioris
663 3519 779 3584 aetatis
795 3518 906 3584 indole
930 3541 968 3584 ae
991 3525 1112 3583 natura
1128 3517 1303 3585 diiudicari
1318 3542 1391 3584 non

222 3634 339 3715 potest.
387 3627 533 3691 Etenim
553 3626 641 3691 dicat
673 3626 842 3711 quispiam
871 3626 980 3711 prisca
1006 3633 1157 3712 tempora
1186 3626 1391 3712 simpliciora

226 3757 297 3801 esse
322 3756 425 3820 quam
449 3732 572 3818 quibus
595 3741 711 3818 poetae
735 3733 778 3797 ad
802 3733 1011 3812 sententiam,
1030 3755 1116 3819 quae
1139 3732 1391 3819 philosophiam

225 3841 397 3927 quandam
421 3840 545 3925 resipit,
569 3840 799 3926 processerint,
825 3862 899 3905 eam
923 3840 1007 3920 dico,
1032 3862 1101 3925 qua
1124 3840 1202 3905 deos
1229 3840 1390 3907 humanis

223 3949 340 4034 formis
364 3969 432 4012 non
464 3947 631 4032 praeditos
660 3953 692 4011 et
715 3947 778 4013 sibi
810 3947 1044 4033 excogitabant
1066 3954 1099 4012 et
1128 3953 1265 4033 agentes
1292 3948 1390 4013 iacie-

225 4055 323 4134 bant;
349 4054 629 4121 verisimillimum
652 4053 754 4139 igitur
769 4076 840 4120 esse
864 4054 942 4120 deos
958 4054 1068 4141 prisca
1090 4060 1196 4120 aetate
1211 4053 1390 4119 hominum

225 4163 341 4227 10111110
365 4160 500 4225 indutos
523 4161 559 4224 in
582 4166 705 4225 terram
734 4161 953 4240 descendisse,
977 4167 1093 4246 postea
1118 4182 1207 4240 vero,
1232 4161 1389 4226 011111110-

226 4269 333 4333 mines
357 4268 487 4333 acutius
511 4266 609 4332 rebus
634 4267 756 4334 divinis
785 4268 996 4354 percogitatis
1025 4268 1219 4353 religionem
1249 4289 1388 4347 meram,

227 4382 259 4441 et
282 4397 368 4461 quae
392 4397 469 4440 cum
494 4373 631 4439 deorum
654 4381 775 4439 natura
803 4375 910 4461 magis
940 4374 1150 4454 consentiret,
1175 4348 1388 4455 excoluerint,

227 4482 306 4548 deos
330 4483 480 4569 ipsorum
504 4482 619 4547 ferinis
643 4481 741 4548 rebus
765 4503 800 4547 se
823 4481 1050 4548 admiscuisse.
1090 4480 1156 4548 Sed
1174 4482 1292 4548 eodem
1314 4483 1389 4570 Jure
