3218 5332
603 332 823 431 -43...

136 551 234 596 acum
271 531 452 598 hostilitate
487 539 519 597 et
561 532 726 619 injustitia
771 531 917 617 graviter
951 530 1103 616 queritur
1139 530 1299 616 Jovisque

135 661 280 725 poenam
305 640 340 704 in
365 661 420 705 eos
445 640 584 706 devocat
608 640 790 727 (209-14).
846 641 941 716 Quae
971 639 1164 704 lamentatio
1195 639 1222 704 si
1246 639 1300 703 cui

135 767 196 831 pro
219 747 291 811 eius
315 747 426 812 dolore
450 747 582 813 brevior
605 754 637 812 et
660 749 767 832 magis
790 747 910 826 tenuis,
947 768 1051 833 quam
1074 744 1135 832 par
1159 753 1216 825 est,
1254 746 1299 811 vi·
1392 792 1394 797 ·

135 853 262 932 deutur,
287 875 335 920 vs.
356 854 463 919 0397
483 877 531 939 sq.
550 854 714 940 respiciat,
739 854 797 919 ubi
821 854 964 919 similem
986 854 1022 917 in
1046 853 1186 919 modum
1208 852 1300 917 haud

135 960 276 1026 verbosa
312 954 506 1026 lamentatio
544 961 696 1026 versibus
734 958 887 1049 fqlpe}av
924 957 986 1051 vo'c'p
1025 951 1140 1028 ἔπειτα
1180 972 1234 1027 καὶ
1274 962 1300 1024 οἱ

63 1073 65 1078 ’
137 1066 321 1152 πεπλήγετο
343 1067 434 1157 μήρω
458 1083 549 1156 χερσί
568 1068 654 1136 xil?
676 1068 803 1154 incipit,
828 1090 895 1153 quo
911 1068 1046 1146 accedit,
1072 1066 1172 1153 quod,
1197 1089 1301 1153 quam

135 1174 247 1258 gravis
272 1175 314 1239 sit
337 1175 445 1240 Ulixis
469 1175 563 1240 dolor
586 1181 618 1240 et
633 1175 751 1254 luctus,
776 1174 918 1241 versibb.
947 1174 1068 1248 198199
1092 1182 1124 1239 et
1147 1174 1298 1239 219-21

136 1280 220 1345 bene
245 1281 459 1366 significatur.
516 1281 574 1346 llle
598 1303 686 1360 vero,
723 1282 781 1348 ubi
817 1283 896 1346 satis
919 1283 1120 1347 lamentatus
1155 1288 1214 1363 est,
1248 1280 1301 1347 vel
1390 1356 1393 1362 Ι

10 1422 14 1431 ’
135 1388 256 1474 potius,
294 1409 372 1453 cum
395 1388 604 1474 aliquamdiu
639 1389 814 1453 lamentari
849 1389 955 1467 desiit,
978 1369 1181 1469 'Phaeacum
1213 1388 1301 1452 dona

136 1502 352 1581 pernumerat
375 1494 560 1582 (215-19),
595 1497 686 1582 quod
718 1497 856 1582 quidem
891 1517 969 1560 cum
999 1502 1113 1560 nostra
1136 1495 1300 1560 sentiendi

135 1602 263 1666 ratione
286 1624 355 1666 non
379 1603 552 1667 consentit.
612 1604 729 1688 ltaque
764 1625 842 1668 cum
876 1604 930 1668 vel
965 1603 1126 1688 suprain
1148 1601 1300 1668 versibus

134 1708 342 1793 interpolatis
366 1708 532 1774 donorum
554 1709 695 1775 verbosa
711 1711 1027 1774 commemoratione
1044 1709 1299 1788 offenderemur,

137 1816 238 1880 etiam
261 1815 296 1879 hi
320 1838 436 1882 versus
459 1816 495 1881 in
520 1818 745 1902 suspicionem
768 1816 940 1902 quandam
971 1823 1142 1883 vocantur.
1190 1815 1301 1901 Atque

135 1944 170 1987 re
193 1943 273 1988 vera
295 1924 331 1986 in
354 1945 454 1989 versu
486 1925 560 2003 215,
597 1946 664 2009 quo
699 1925 753 1989 hic
790 1925 881 1989 locus
917 1946 995 1989 cum
1028 1923 1301 1988 antecedentibus

135 2030 363 2109 committitur,
389 2031 574 2096 haeremus.
632 2031 749 2117 Neque
778 2032 868 2096 enim
893 2032 1009 2097 Ulixes
1041 2031 1133 2095 luctu
1157 2037 1189 2095 et
1211 2031 1301 2094 lacri-
1374 2067 1376 2070 ⁴

135 2137 199 2201 mis
223 2143 397 2221 tamquam
421 2137 621 2223 defatigatus
645 2139 749 2202 animi
766 2138 914 2224 quadam
930 2143 1084 2203 motuum
1108 2138 1301 2202 remissione

135 2243 224 2308 dona
247 2242 353 2308 obiter
376 2245 543 2329 perspicit,
568 2244 626 2309 sed
649 2245 844 2330 plangorem
868 2252 901 2310 et
923 2247 1062 2310 affectus
1078 2245 1300 2329 interrumpit,

74 2360 82 2375 ⁸
135 2357 173 2415 ut
196 2349 285 2414 dona
307 2358 529 2435 pemumeret,
554 2373 621 2436 quo
645 2353 732 2416 lacto
755 2374 874 2419 rursus
893 2352 928 2417 in
953 2352 1101 2416 dolorem
1125 2357 1157 2416 et
1180 2351 1301 2415 lamen-

136 2457 278 2522 tationes
301 2479 336 2522 se
361 2459 531 2523 convertit.
590 2459 688 2534 Quod
706 2460 742 2523 'si
768 2460 822 2524 cui
845 2460 953 2544 magis
977 2459 1012 2522 in
1036 2458 1301 2542 uniuscuiusque
1402 2530 1406 2537 .

135 2564 275 2649 legentis
299 2585 399 2630 sensu
421 2564 576 2630 videatur
597 2566 754 2651 positum,
790 2588 892 2651 quam
923 2573 961 2630 ut
983 2565 1172 2650 argumenti
1196 2565 1302 2628 instar

136 2670 308 2750 habeatur,
333 2678 420 2736 certe
444 2680 565 2741 ποθεῖν
588 2672 678 2738 vocis
702 2671 789 2759 (219)
820 2673 955 2737 notione
986 2670 1189 2756 intellegitur
1211 2671 1302 2736 hunc

106 2834 109 2839 .
136 2778 247 2842 lecum
271 2778 395 2863 priscis
411 2778 617 2864 temporibus
641 2786 840 2865 conceptum
874 2801 943 2844 non
968 2800 1047 2843 esse.
1106 2777 1181 2843 Hae
1212 2778 1301 2842 enim

137 2906 218 2950 voce
251 2884 457 2969 significatur
493 2884 676 2964 „desiderio
706 2887 834 2972 aliquid
868 2892 1021 2972 cupere“,
1057 2885 1148 2971 quod
1171 2885 1301 2949 ideme

137 2991 247 3057 verbis
281 2990 425 3072 ‘aleae'
464 2999 496 3057 et
529 2995 659 3080 εποθήἱ
694 2993 923 3079 cognoscitur3
959 2994 1072 3079 itaque
1108 2991 1302 3077 superstites

137 3099 270 3183 saepius
305 3106 454 3164 mortuos
488 3102 685 3169 ‘stabolum'
726 3099 771 3186 (A
802 3102 872 3178 161,
912 3111 947 3166 Ψ
976 3102 1025 3178 16,
1065 3107 1094 3164 Ω
1126 3101 1156 3177 6,
1193 3100 1302 3178 πόθος

138 3206 251 3286 1262,
276 3205 369 3293 ποθή
393 3206 420 3269 Ρ
443 3206 518 3272 6911.
545 3208 618 3287 704,
643 3209 671 3273 Τ
695 3207 790 3294 321);
816 3208 998 3272 sedetiam
1022 3207 1185 3284 absentes,
1211 3226 1301 3289 prae-

138 3313 251 3378 sertim
275 3312 302 3377 si
326 3335 381 3378 eos
405 3313 512 3378 redire
528 3336 596 3379 non
614 3315 793 3381 verisimile
816 3322 875 3380 aut
889 3315 1114 3400 periculosum
1138 3320 1196 3390 est,
1223 3333 1299 3376 cum

138 3419 300 3485 desiderio
324 3421 514 3505 cupiuntur,
538 3423 631 3487 velut
652 3422 764 3486 mariti
788 3421 829 3485 ab
847 3421 1006 3485 uxoribus
1039 3420 1078 3506 (E
1094 3420 1169 3495 414,
1187 3449 1209 3486 οι
1226 3419 1300 3497 343,

139 3527 243 3604 σ204,
260 3556 279 3594 τ
297 3528 379 3610 136),
404 3528 623 3593 Telemachus
647 3528 767 3593 absens
791 3550 810 3592 a
833 3528 998 3613 Penelope
1022 3525 1056 3613 (β
1079 3527 1153 3605 375,
1178 3530 1197 3594 ὁ
1221 3526 1300 3604 748;

138 3636 247 3714 πόθος
272 3638 291 3701 (l
315 3635 420 3713 796ξ
453 3635 530 3721 144)
563 3635 741 3720 Neptunus
776 3622 820 3721 (Ο
845 3635 924 3721 219)
960 3633 1167 3699 et‘Achilles
1197 3630 1302 3720 (ποθή

138 3743 266 3820 Areo,
300 3742 424 3820 Ζ362,
461 3745 493 3813 Ξ
517 3743 581 3808 368
613 3743 685 3835 sim.
712 3742 752 3808 de
776 3743 875 3808 Ulixe
905 3751 939 3808 A
965 3742 1042 3830 471)
1080 3740 1122 3805 ab
1154 3739 1300 3818 Achivis,

63 3837 66 3843 ⁵
139 3871 222 3935 quos
257 3849 506 3933 dereliquerunt
513 3879 523 3929 ,·
556 3849 637 3914 item
672 3850 779 3916 Ulixis
812 3849 956 3914 reditum
990 3849 1124 3914 Laertes
1159 3846 1192 3933 (l
1230 3847 1302 3932 196)

139 3962 171 4020 et
193 3955 339 4020 Achilles
372 3955 497 4021 bellum
522 3953 563 4041 (A
587 3956 676 4042 492),
712 3957 795 4042 quin
830 3956 931 4021 etiam
966 3955 1044 4041 equi
1078 3954 1214 4039 aurigae
1248 3953 1302 4017 ab·

138 4063 240 4127 sontis
264 4062 411 4127 habenas
435 4062 474 4149 (E
498 4063 573 4150 234)
608 4069 639 4127 et
662 4064 747 4128 arios
783 4062 935 4127 osculum
959 4062 1157 4148 Polyphemi
1193 4082 1301 4125 occae-

139 4170 202 4234 cati
226 4169 248 4256 (ο
272 4168 347 4255 453)
371 4177 543 4238 ποθοῦσιν.
591 4170 656 4234 Sed
679 4171 750 4248 vis,·
777 4191 863 4256 quae
897 4169 999 4234 verbo
1024 4169 1147 4247 subest,
1178 4167 1302 4231 sensim

138 4277 229 4342 hunc
251 4277 288 4340 in
312 4276 451 4341 modum
473 4277 622 4342 variatur
644 4277 697 4342 vel
721 4277 832 4361 potius
856 4282 1065 4354 extenuatur,
1101 4283 1139 4339 ut
1172 4279 1304 4358 praetor

143 4383 354 4461 desiderium,
372 4405 439 4468 quo
456 4384 532 4469 quis
548 4405 618 4447 rem
642 4382 861 4468 amplectitur,
887 4383 987 4448 etiam
1003 4383 1126 4467 inopia,
1144 4402 1211 4466 qua
1227 4380 1303 4466 quis

139 4490 182 4555 ad
204 4490 408 4577 cupiendum
432 4489 623 4575 impellitur,
648 4490 788 4555 alicuius
811 4489 973 4555 momenti
996 4490 1063 4568 fiat,
1087 4490 1134 4554 ita
1154 4487 1301 4574 quidem,
