3218 5332
681 315 906 381 „VI-

289 580 357 646 §ll
389 586 417 633 et
436 597 475 634 vs.
496 583 509 641 ζ
531 578 642 649 13-47,
661 580 707 636 ubi
727 580 820 634 eadem
831 581 881 635 dea
894 578 1041 646 Dymantis
1052 579 1124 632 filiae
1137 579 1249 633 formam
1299 523 1344 574 ρξ’

388 667 903 727 rndu1t
1273 671 1303 719 31
1325 681 1364 732 sq.

241 824 243 829 Ι
288 757 359 823 ξῐῖ.
390 757 458 811 Tum
487 759 522 812 ad
550 774 594 812 eos
614 758 684 812 locos
702 764 883 827 transeuntes,
911 757 957 811 ubi
986 757 1115 826 homines,
1141 772 1252 823 quorum

388 846 486 900 formas
506 847 549 902 dei
568 847 693 916 induunt,
713 864 766 900 non
784 845 942 900 nominatim
962 846 1134 914 appellantur
1152 845 1198 899 sed
1218 845 1250 898 de

389 935 506 991 moribus
518 943 545 990 et
558 936 653 991 habitu
667 936 864 1003 describuntur,
875 950 1042 991 recensemus
1057 950 1095 992 vs.
1110 957 1124 999 η
1141 932 1253 1002 19-81,

389 1025 435 1078 ubi
455 1024 582 1079 Minerva
600 1025 753 1081 Phaeacum
772 1024 888 1093 virginis
907 1024 1019 1077 formam
1047 1023 1138 1078 induit
1139 1067 1247 1093 .......
1273 1027 1305 1075 33
1325 1039 1366 1090 sq.

289 1115 360 1180 §la
390 1130 428 1166 vs.
448 1133 463 1165 κ
484 1113 636 1182 arr—308,
662 1114 709 1167 ubi
727 1114 882 1168 Mercurius
910 1113 1017 1167 iuvenis
1044 1112 1130 1166 forma
1158 1113 1254 1166 induta

389 1218 448 1256 cum
467 1203 549 1256 Ulixe
577 1204 740 1270 colloquitur
741 1245 1244 1271 .............................
1270 1205 1303 1254 38
1323 1217 1363 1268 sq.

183 1288 190 1301 '
292 1293 361 1358 §lt
391 1309 429 1347 vs.
459 1312 474 1343 ν
502 1291 552 1347 221
566 1323 597 1331 -
610 1292 669 1360 286,
698 1291 745 1347 ubi
773 1291 900 1346 Minerva
919 1291 1099 1346 adulescentis
1137 1291 1248 1343 formam

389 1364 479 1418 induit
485 1407 1244 1420 ,,,,,,,,,,,,,,,,,,,,,,,,,,,,,,,,,,,,,,,,,,,
1271 1366 1364 1428 4031„

291 1454 362 1519 §15-
390 1453 498 1506 Deinde
517 1469 560 1506 eos
580 1455 650 1507 locos
668 1460 825 1522 tractamus,
853 1453 900 1506 ubi
919 1451 1046 1506 Minerva
1065 1452 1177 1505 formam
1196 1467 1252 1504 mu·

391 1541 465 1595 lieris
484 1558 610 1610 operosae
633 1542 732 1612 induit,
761 1543 786 1595 h.
807 1557 829 1598 e.
850 1559 888 1598 vs.
909 1561 924 1592 ν
944 1540 1084 1596 287-440
1087 1584 1247 1609 ..........
1273 1545 1306 1593 49
1326 1557 1367 1607 sq.

294 1632 363 1697 §lu
393 1648 431 1684 vs.
451 1650 470 1683 a
491 1629 628 1686 lta-177
631 1674 1244 1700 ..................................
1272 1632 1303 1682 67
1326 1646 1368 1695 sq.

296 1720 368 1786 §lu
398 1737 436 1776 vs.
467 1718 604 1775 oto-55
611 1765 1246 1777 ....................................
1273 1722 1305 1772 70
1326 1735 1369 1785 sq.

292 1810 365 1873 §la
394 1808 520 1876 Denique
549 1826 593 1863 eos
614 1810 684 1863 locos
711 1811 914 1878 perlustramus,
933 1809 978 1865 ubi
998 1808 1127 1878 lromines,
1146 1824 1257 1875 quorum

389 1898 488 1952 formas
508 1899 551 1953 dei
562 1899 687 1965 induunt,
707 1899 763 1952 sola
783 1900 815 1952 de
834 1903 901 1965 arte,
916 1914 995 1965 quam
1006 1904 1140 1965 exercent,
1159 1897 1254 1951 descri-

390 1989 500 2056 buntur,
514 1989 539 2043 h.
559 2004 581 2041 e.
601 2004 639 2042 vs.
660 1993 681 2038 θ
702 1985 787 2042 7-15
808 1992 874 2041 eta
896 1985 1043 2056 lat-lat,
1062 1986 1109 2040 ubi
1129 1986 1256 2040 Minerva

391 2076 529 2143 praeconis
549 2084 577 2130 et
595 2076 725 2130 Phaeacis
744 2076 882 2130 cuiusdam
901 2076 1000 2130 formas
1025 2058 1119 2131 ¹induit
1122 2119 1247 2134 ........
1274 2078 1305 2128 72
1326 2092 1368 2142 sq.

214 2166 367 2240 (laputlII.
379 2165 537 2220 Transimus
550 2168 584 2219 ad
604 2182 647 2220 eos
658 2167 737 2234 locos,
756 2165 804 2219 ubi
824 2165 868 2219 dei
888 2166 1015 2219 coelestes
1034 2182 1086 2218 non
1103 2164 1259 2219 commutati

373 2263 504 2322 apparent
511 2255 610 2308 autdei
617 2254 797 2308 minorescum
804 2254 956 2308 hominibus
962 2253 1147 2308 commercium
1153 2254 1265 2307 iaciunt.
1280 2254 1384 2306 76-87

294 2346 311 2411 g
324 2349 363 2397 19.
394 2345 454 2398 Non
466 2352 629 2398 commutata
638 2343 765 2398 Minerva
779 2359 838 2397 cum
848 2343 1006 2396 Telemacho
1020 2342 1158 2399 versibb.o
1172 2341 1256 2397 1-43
1283 2343 1315 2394 76
1334 2359 1374 2409 sq.

296 2435 364 2500 520.
395 2440 422 2487 ct
442 2449 501 2486 cum
515 2433 648 2500 Penelopa
667 2432 782 2487 versibb.
804 2449 821 2483 σ
840 2430 958 2487 lto-97
979 2431 1165 2485 commercium
1185 2431 1259 2488 lacit.
1281 2434 1313 2484 79
1333 2448 1373 2498 sq.

297 2524 368 2589 521.
397 2523 476 2576 Nune
490 2538 562 2591 vero,
582 2522 707 2589 quoniam
719 2538 808 2575 omnes
828 2522 906 2589 locos,
925 2521 971 2574 ubi
991 2521 1034 2574 dei
1054 2522 1181 2575 coelestes
1200 2537 1260 2574 cum

394 2611 547 2665 hominibus
566 2612 762 2679 colloquuntur,
781 2610 1012 2679 perlustravimus,
1031 2626 1161 2665 summam
1181 2609 1260 2662 huius

395 2700 592 2754 dissertationis
603 2700 733 2754 iacientes
745 2706 830 2754 certos
843 2699 943 2768 gradus
956 2699 1153 2767 constituimus,
1164 2699 1260 2766 quibus

395 2797 534 2857 poetarum
545 2789 690 2858 diligentia
700 2789 728 2843 in
747 2791 825 2844 rebus
845 2788 945 2842 divinis
958 2788 1135 2856 depingendis
1151 2789 1260 2854 delapsa

395 2886 437 2932 est
458 2922 1253 2936 ...........................................
1280 2881 1313 2930 80
1334 2894 1375 2944 sq.

299 2969 369 3035 9¹22.
397 2968 516 3022 Deorum
536 2968 668 3021 minorum
688 2967 847 3036 epiphaniae
874 2972 1048 3020 recensentur
1053 3011 1256 3022 ............
1282 2970 1314 3019 83
1334 2983 1375 3033 sq.
