3218 5332
702 314 903 382 ..6-

215 511 318 598 igitur
340 512 553 598 potissimum
592 518 790 599 argumento
823 512 867 577 ad
896 512 1059 598 cuiusque
1090 517 1207 598 poetae
1236 512 1387 578 indolem

214 619 483 705 cognoscendam
518 619 652 686 utimur.
712 621 888 687 Praeterea
922 621 1024 686 etiam
1056 621 1144 685 inter
1178 620 1317 686 Iliadem
1353 627 1388 686 et

217 727 404 814 Odysseam
428 727 617 794 differentia
640 727 826 806 intercedit,
851 749 938 814 quae
961 749 1030 793 non
1053 733 1123 793 tarn
1146 729 1182 792 in
1205 749 1317 793 rerum
1340 727 1387 793 di-

216 835 373 902 uinarum
403 841 524 900 natura
554 856 661 922 quam·
692 835 729 900 in
752 835 927 920 utriusque
950 835 1108 900 carminis
1131 841 1329 920 argumento
1353 842 1388 900 et

216 942 352 1027 propria
373 947 494 1006 natura
517 939 626 1028 posita
649 947 707 1007 est.
765 941 837 1006 Illic
873 941 964 1006 enim
996 963 1048 1006 res
1084 941 1217 1007 divinae
1250 947 1389 1027 propter

218 1047 358 1113 deorum
375 1069 539 1133 magnum
567 1069 747 1113 numerum
762 1047 959 1133 variamque
981 1048 1219 1114 commercium
1242 1042 1389 1114 la'ciendi

217 1155 383 1220 rationem
407 1156 487 1221 satis
511 1155 689 1221 difficulter
711 1156 977 1241 perspiciuntur;
1013 1177 1132 1222 verum
1166 1155 1202 1219 in
1225 1154 1387 1240 Odyssea,

218 1262 276 1328 ubi
300 1260 340 1328 de
365 1283 434 1327 una
456 1263 603 1328 maxime
635 1261 697 1327 dea
724 1263 844 1347 agitur,
880 1283 932 1327 res
967 1262 1101 1328 divinae
1135 1263 1293 1328 varietate
1329 1263 1389 1328 illa
1480 1256 1486 1270 '

218 1390 289 1434 non
312 1369 559 1454 perturbantur.
619 1369 714 1446 Quae
738 1391 816 1435 eum
840 1370 886 1433 ita
909 1369 985 1447 sint,
1017 1369 1114 1434 nobis
1137 1370 1387 1455 proposuimus,

218 1483 256 1541 ut
279 1496 335 1541 eos
354 1475 524 1562 Odysseae
546 1477 645 1555 locos,
670 1476 728 1542 ubi
752 1476 806 1541 dei
829 1498 907 1541 cum
930 1476 1124 1542 hominibus
1147 1460 1388 1543 commercium

117 1580 123 1591 ’
218 1570 356 1659 faciunt,
381 1605 466 1668 quos
489 1583 634 1650 breviter
659 1584 898 1670 „epiphanias“
923 1583 1091 1668 appellare
1114 1583 1220 1662 liceat,
1255 1606 1388 1650 accura-

218 1691 286 1755 tius
309 1690 559 1775 perlustramus.

307 1815 532 1882 Inveniuntur
554 1821 667 1880 autem
689 1816 726 1880 in
749 1815 900 1901 Odyssea
923 1814 1122 1900 epiphaniae
1145 1816 1262 1881 haece:

311 1942 337 2005 1.
365 1971 386 2008 α
408 1941 570 2006 96-323.
603 1942 756 2009 Minerva
779 1941 911 2019 Mentis,
936 1940 1145 2025 Taphiorum
1168 1941 1254 2026 regis
1278 1942 1389 2008 torma

218 2048 338 2113 induta
360 2048 568 2128 Telemacho,
589 2051 625 2113 ‘a
648 2071 715 2135 quo
739 2069 864 2134 magna
887 2069 962 2113 cum
988 2044 1185 2112 liberalitate
1209 2049 1385 2134 excipitur,

220 2154 347 2234 suadet,
383 2161 420 2220 ut
443 2161 574 2241 postero
608 2155 660 2222 die
692 2156 846 2221 contione
879 2161 1062 2220 convocata
1093 2176 1210 2240 procos
1235 2156 1388 2222 secedere

219 2262 344 2349 jubeat,
382 2263 453 2348 ipse
485 2284 565 2328 vero
589 2284 675 2328 nave
699 2268 890 2348 comparata
912 2262 1034 2348 Pylum
1058 2268 1090 2327 et
1113 2261 1268 2348 Spartam
1291 2265 1388 2348 profi-

221 2370 372 2449 ciscatur,
398 2376 436 2434 ut
459 2370 500 2435 de
519 2376 616 2456 patre
640 2370 777 2435 absente
801 2370 958 2456 exploret.
1009 2369 1103 2435 Haec
1126 2369 1185 2435 ubi
1207 2372 1386 2456 praecepit,

89 2471 97 2489 ⁸
221 2477 284 2542 dea
305 2477 492 2544 miraeum
516 2479 681 2544 celeritate
706 2477 853 2544 discedit.

310 2604 338 2667 2.
364 2609 387 2682 β
411 2604 540 2686 260-γ
563 2604 637 2669 373.
694 2603 847 2670 Minerva
870 2603 1030 2669 Mentoris
1055 2603 1163 2688 specie
1187 2603 1306 2668 induta
1328 2604 1388 2670 Te·

220 2709 420 2790 lernaehum,
445 2711 540 2776 cuius
563 2710 718 2796 precibus
734 2709 897 2777 advocata
918 2715 976 2789 est,
1001 2710 1191 2775 consolatur
1206 2710 1388 2802 omniaque

221 2815 264 2881 ad
312 2816 591 2902 proficiscendum
640 2823 820 2904 comparat,
874 2839 895 2882 a
939 2816 1112 2881 Noemone
1146 2838 1268 2883 navem
1328 2818 1388 2881 im-

221 2929 337 3008 petrat,
362 2925 468 2989 socios
491 2931 661 3005 convocat,
686 2946 804 3011 procos
820 2925 981 3011 consopit.
1013 2925 1102 2988 Turn
1125 2925 1199 3007 ipsa
1217 2946 1286 2988 una
1308 2946 1388 2990 cum

221 3031 420 3096 Telemacho
455 3037 488 3097 et
522 3032 619 3098 sociis
654 3054 740 3098 nave
775 3053 957 3097 conscensa
991 3033 1112 3118 Pylum
1146 3032 1289 3110 vehitur,
1328 3031 1387 3096 ubi

221 3137 330 3204 Ulixis
354 3138 461 3203 filium
484 3138 616 3204 Nestori
639 3146 773 3225 gratum
797 3138 923 3218 reddit;
955 3161 1023 3225 quo
1047 3141 1133 3205 lacto
1156 3139 1279 3205 iterum
1302 3139 1388 3204 mira

221 3266 298 3310 cum
322 3245 487 3312 celeritate
511 3245 588 3311 abit.

309 3371 340 3435 3.
365 3373 384 3438 d
407 3371 590 3436 364-425.
628 3370 793 3437 Eidothea
815 3371 878 3437 dea
900 3373 1031 3436 marina
1053 3372 1214 3451 Menelao
1239 3393 1386 3456 quocum

220 3478 321 3543 Phari
343 3479 378 3542 in
402 3478 514 3543 insula
536 3477 759 3571 congreditur,
784 3478 938 3558 ostendit,
964 3478 1133 3566 quomodo
1149 3479 1268 3543 Proteo
1293 3486 1386 3565 patre

221 3592 318 3671 capto
342 3585 383 3651 de
406 3584 505 3651 rebus
528 3586 650 3651 futuris
674 3586 793 3650 certior
815 3585 881 3650 fiat.

309 3712 339 3777 4.
374 3711 599 3805 64505570.
659 3711 798 3776 Proteus
822 3733 843 3776 a
865 3712 1017 3777 Menelao
1052 3713 1190 3798 eiusque
1225 3713 1321 3778 sociis
1351 3714 1386 3779 vi

221 3824 348 3904 captus
390 3824 570 3904 postquam
604 3819 714 3885 varias
748 3820 873 3884 formas
908 3818 1027 3898 induit,
1073 3841 1198 3886 errores
1236 3822 1386 3887 virorum

220 3925 368 4005 fortium,
393 3927 451 4011 qui
468 3926 574 4012 Troja
592 3933 785 4012 expugnata
808 3926 1067 4006 revertebantur,
1092 3929 1192 3993 refert
1206 3929 1387 4015 futuraque

220 4033 318 4098 canit.

308 4141 338 4205 5.
379 4140 579 4206 sse-268.
627 4140 736 4206 Ulixis
770 4163 848 4206 cum
871 4141 1015 4227 Calypso
1048 4141 1200 4228 nympha
1227 4164 1385 4209 commer-

221 4249 311 4313 cium
336 4253 518 4349 enarratur.
1287 4296 1290 4301 .

309 4375 338 4438 6.
379 4373 601 4439 ε333-352.
664 4373 854 4439 Leucothea
887 4376 1017 4440 marina
1052 4375 1114 4440 dea
1137 4375 1271 4441 Ulixem
1306 4399 1384 4443 nau·

220 4482 353 4566 tragum
376 4480 460 4546 vitta
483 4479 561 4544 data
584 4480 626 4546 ab
648 4481 786 4546 interitu
808 4489 927 4548 servat.
