3218 5332
625 326 755 391 „⁸21
802 365 846 375 ..

146 543 181 586 re
216 521 309 586 illarn
346 521 562 607 epiphaniam
598 523 777 588 imitationi
814 523 878 588 sibi
914 545 984 589 esse
1020 523 1161 608 debere,
1198 547 1318 592 verum

146 650 224 694 cunr
258 628 347 693 illius
393 634 510 713 poetae
544 635 707 694 mentem'
727 630 862 714 assequi
896 651 965 694 non
997 638 1119 716 posset,
1154 632 1190 696 in
1225 633 1315 712 istas,

146 757 232 820 quas
257 757 359 821 supra
383 735 608 814 exhibuimus,
634 737 778 822 ineptias
801 737 950 802 incurrit.

233 843 274 906 In
310 843 506 908 universum
540 849 654 908 autem
686 866 734 922 eo,
771 843 862 930 quod
886 844 1010 909 librum
1033 875 1055 912 α
1092 847 1214 911 iterum
1245 868 1315 932 per-

144 949 371 1028 lustravimus,
416 971 626 1036 quamquam
660 957 937 1036 argumentorum
971 953 1163 1018 recentioris
1197 954 1316 1019 aetatis

144 1058 272 1143 largam
295 1078 439 1122 messem
462 1079 531 1121 non
561 1057 712 1136 lecimus,
748 1065 862 1123 tamen
892 1065 925 1123 et
948 1060 1177 1144 cognovimus,
1214 1061 1314 1127 etiam

144 1164 243 1229 rebus
278 1164 412 1243 divinis,
448 1164 618 1230 interdum
642 1187 711 1230 non
734 1171 822 1230 recte
846 1167 1003 1246 tractatis,
1028 1169 1213 1234 recentiora
1235 1175 1313 1234 tem·

143 1293 226 1356 pora
249 1271 470 1356 comprobari,
508 1279 540 1336 et
562 1272 798 1352 intelleximus
823 1274 992 1359 quomodo
1027 1277 1155 1341 facturn
1190 1275 1241 1354 sit,
1277 1282 1314 1340 ut

142 1377 197 1442 hic
221 1385 319 1463 poeta
348 1378 388 1443 de
413 1370 512 1443 rebus
536 1378 679 1445 divinis·
694 1380 802 1465 magis
837 1401 916 1445 curn
951 1383 1062 1468 prisca
1096 1405 1200 1468 quarn
1235 1404 1328 1447 cum¹

57 1506 59 1511 ’
143 1486 324 1550 recentiore
348 1491 455 1550 aetate
479 1486 672 1551 consentiat.

689 1825 765 1911 aa.

172 2017 175 2024 ’
228 2023 301 2087 lam
324 2044 403 2086 vero
426 2027 607 2107 postquam
630 2021 704 2086 illos
721 2020 871 2087 diversae
895 2023 1012 2087 aetatis
1035 2023 1134 2101 locos
1159 2045 1244 2108 quos
1267 2024 1310 2089 ad

138 2129 248 2216 prima
271 2129 392 2193 harum
417 2127 691 2214 disquisitionum
723 2129 819 2193 initia
848 2128 1006 2214 ponenda
1029 2131 1309 2215 comparavimus,

138 2259 207 2302 non
242 2258 316 2300 raro
350 2236 438 2300 inter
471 2257 505 2301 se
530 2235 704 2301 dissentire
728 2237 957 2322 cognovimus,
986 2237 1115 2306 exsistit
1148 2239 1309 2324 quaestio,

137 2367 222 2409 num
246 2364 313 2422 eae,
349 2365 434 2428 quas
458 2342 754 2429 deprehendimus,
776 2343 983 2410 differentiae
1015 2344 1057 2408 ad
1081 2344 1254 2410 universas
1278 2352 1311 2411 et
1390 2370 1397 2385 ·

137 2451 251 2516 iliadis
275 2456 308 2515 et
332 2450 501 2536 Odysseae
524 2472 575 2515 res
600 2450 731 2516 divinas
756 2449 990 2536 dijudicandas
1015 2451 1191 2516 sufficiant.
1232 2453 1309 2518 Non

137 2559 229 2624 enim
264 2564 343 2623 sunt
366 2579 574 2636 numerosae,
611 2558 638 2622 si
661 2557 791 2624 variam
815 2558 1073 2643 epiphaniarum
1096 2564 1253 2624 naturam
1278 2567 1310 2625 et

137 2664 285 2730 indolem
310 2664 456 2750 respicis,
482 2663 540 2728 ubi
564 2663 617 2729 dei
640 2664 741 2729 modo
765 2664 971 2743 commutati,
1005 2664 1106 2729 modo
1130 2688 1200 2730 non
1223 2688 1337 2732 com·

139 2773 260 2838 mutati
284 2777 457 2858 apparent,
483 2771 718 2837 diversissimis
742 2772 858 2837 formis
882 2770 992 2835 induti
1015 2770 1115 2836 rebus
1139 2795 1173 2838 se
1189 2773 1308 2840 admis-

137 2887 222 2946 cent.
250 2917 290 2926 -
314 2879 383 2944 Nos
407 2901 486 2944 vero
509 2878 619 2944 adhuc
644 2879 714 2944 sola
738 2878 778 2944 de
802 2901 871 2943 una
894 2878 957 2943 dea
980 2884 1012 2943 et
1035 2899 1075 2943 ea
1091 2887 1306 2960 commutata,

137 2988 179 3052 de
203 3009 272 3052 una
295 3008 399 3072 quam
457 2986 567 3051 induit
594 2988 703 3051 lenna
726 2986 829 3052 verba
851 2986 1011 3065 fecimus;
1048 2984 1308 3058 deliberavimus

137 3102 252 3160 utrum
276 3093 374 3158 deam
398 3094 567 3178 cognitam
590 3115 634 3157 an
657 3093 864 3178 incognitam
893 3093 982 3158 inter
1003 3093 1159 3159 mortales
1183 3096 1308 3160 versari

138 3201 285 3280 deceret;
311 3200 352 3265 de
376 3200 463 3265 corni
486 3200 659 3284 gravitate,
684 3222 753 3285 qua
776 3200 985 3285 colloquitur,
1018 3200 1059 3265 de
1082 3201 1214 3286 pietate,
1240 3225 1308 3288 qua

137 3309 266 3388 colitur,
291 3309 332 3373 de
356 3308 412 3374 via
435 3329 473 3372 ac
497 3308 635 3386 ratione,
660 3328 728 3393 qua
744 3308 914 3393 proposita
938 3309 1140 3393 exsequitur,
1166 3310 1305 3394 egimus

138 3415 197 3493 sed
232 3416 308 3502 quis
344 3422 402 3494 est,
443 3415 502 3500 qui
544 3421 643 3499 neget
677 3415 756 3493 fore,
793 3421 830 3478 ut
864 3415 901 3478 in
935 3437 1118 3500 permagno
1158 3416 1313 3481 locorum

136 3538 278 3588 numero
309 3544 378 3586 non
401 3542 510 3608 pauca
533 3527 718 3600 occurrant,
752 3542 838 3607 quae
862 3521 898 3584 in
922 3521 1002 3586 locis
1026 3521 1135 3586 adhuc
1159 3524 1306 3588 tractatis

135 3653 206 3695 non
228 3630 457 3696 inveniuntur.
513 3628 663 3714 Apparet
685 3628 797 3713 igitur,
822 3627 964 3713 singula,
989 3650 1075 3714 quae
1099 3628 1209 3693 adhuc
1232 3651 1306 3694 con-

137 3737 349 3824 quisivimus,
375 3742 574 3821 argumenta
597 3735 743 3800 nonnisi
766 3735 910 3800 frustula
926 3757 1007 3814 esse,
1032 3757 1118 3821 quae
1134 3737 1307 3801 occasione

137 3845 215 3910 data
253 3844 297 3909 ad
335 3843 484 3929 singulas
523 3843 721 3929 epiphanias
759 3842 984 3907 aestimandas
1024 3841 1181 3908 adhibere
1220 3843 1304 3909 licet.

136 3953 266 4018 Verum
282 3951 325 4015 ad
340 3951 514 4016 universas
527 3970 579 4015 res
592 3950 725 4016 divinas
739 3948 938 4035 judicandas
955 3949 1150 4036 conquirere
1166 3957 1305 4035 oportet,

136 4058 229 4146 quod
251 4081 320 4123 non
344 4059 453 4123 solum
477 4044 683 4143 argumentis
707 4058 872 4142 cujusque
903 4059 1021 4123 aetatis
1043 4056 1143 4121 modo
1168 4057 1305 4143 repertis

135 4188 315 4232 commune
333 4167 384 4245 sit,
409 4166 585 4232 sedetiam
609 4165 722 4230 omnia
739 4173 914 4251 tamquam
930 4165 1040 4230 radios
1063 4165 1099 4229 in
1123 4186 1157 4229 se
1173 4163 1306 4249 colligat

135 4281 169 4339 et
185 4273 362 4352 contineat,
387 4294 474 4358 quae
498 4273 539 4338 de
555 4271 654 4336 rebus
679 4271 802 4337 divinis
818 4273 910 4359 apud
928 4272 1116 4337 Homerum
1132 4271 1303 4355 leguntur;

135 4387 174 4445 ut
196 4380 270 4445 aliis
293 4379 403 4446 verbis
427 4386 511 4456 utar,
537 4380 701 4445 rationem
724 4401 883 4465 quaerere
908 4401 992 4465 opus
1017 4385 1074 4457 est,
1107 4378 1243 4464 qualit,
1268 4384 1305 4442 ut

136 4509 179 4554 ex
188 4493 464 4573 argumentorum
488 4487 584 4573 copia
599 4487 702 4552 altera
725 4508 803 4573 pars
826 4487 964 4573 priscae,
988 4486 1092 4551 altera
1114 4485 1305 4550 recentioris
1331 4516 1334 4521 ·
