3218 5332
668 321 887 429 -327

197 516 288 580 etin
313 517 470 582 universa
487 516 679 581 Phaeacum
703 516 818 582 fabula
837 516 1023 611 Nausicaae
1047 507 1163 593 amica,
1189 515 1284 580 cuius
1306 515 1370 579 ior·

135 663 139 674 ·
200 644 293 687 marn
317 623 380 688 dea
402 624 565 698 indueret,
590 645 659 689 non
683 623 843 702 exstabat,
878 644 988 708 neque
1024 623 1105 687 deae
1137 622 1369 687 auctoritatem

200 729 339 794 decebat
373 737 548 816 tamquam
584 731 727 795 amicam
751 752 840 795 cum
875 730 1005 815 virgine
1023 812 1025 817 Ι
1043 730 1176 794 mortali
1213 728 1369 812 colloqui.
1456 777 1459 783 .

200 836 332 912 Quibus
368 859 409 902 ex
432 836 685 902 difficultatibus
721 838 859 902 alteram
895 836 935 901 de
972 837 1082 901 medio
1112 837 1255 914 sustulit,
1291 856 1370 899 cum

119 1020 126 1033 ,
199 942 387 1008 Nausicaae
411 944 564 1022 amicam,
597 965 683 1028 quae
715 943 852 1029 quidem
876 943 1050 1029 posteain
1075 943 1185 1008 lucem
1208 964 1277 1007 non
1301 942 1370 1005 iarn

198 1049 355 1134 prodiret,
392 1050 432 1115 de
468 1072 528 1115 suo
564 1050 626 1115 sibi
651 1051 764 1115 animo
797 1051 1013 1135 excogitaret;
1050 1051 1189 1115 alteram
1217 1048 1369 1142 infregit,

200 1177 277 1220 cum
301 1156 399 1222 deam
423 1158 608 1222 Nausicaae
633 1157 821 1235 dormienti,
860 1178 946 1242 quae
981 1155 1091 1223 vorbis
1126 1157 1197 1221 eius
1233 1177 1300 1220 non
1325 1176 1371 1218 11-

200 1263 388 1348 sponderet,
413 1271 631 1350 apparentem
647 1265 778 1329 iaceret.
811 1264 964 1328 Eandem
980 1264 1187 1349 diligentiam
1211 1269 1243 1328 et
1265 1269 1372 1327 artem

202 1370 246 1434 ad
270 1371 438 1435 somnium
462 1372 576 1457 ipsum
600 1371 852 1457 depingendum
875 1371 1037 1435 adhibuit.
1078 1371 1245 1435 Nausicaa
1269 1369 1370 1439 enim,

201 1484 239 1541 ut
261 1477 505 1543 dormientibus
528 1478 599 1543 fieri
623 1478 714 1556 solet,
739 1479 883 1542 amicam
906 1477 949 1542 ad
972 1478 1096 1542 lectum
1120 1484 1265 1543 stantem
1288 1483 1370 1541 tam-

201 1605 304 1669 quam
329 1585 435 1650 oculis
458 1584 521 1650 sibi
537 1585 670 1651 videtur
693 1585 849 1670 aspicere,
874 1607 977 1670 quam
1001 1584 1043 1649 ob
1066 1607 1137 1650 rem
1154 1585 1305 1673 Minerva
1328 1603 1372 1647 ne

206 1691 308 1756 verbo
349 1692 486 1777 quidem
526 1693 669 1770 formae,
717 1713 820 1776 quam
858 1691 985 1770 induit,
1028 1693 1235 1773 mentionem
1281 1690 1371 1755 facit.

203 1798 315 1864 Verba
338 1806 460 1878 autem,
497 1799 620 1884 quibus
644 1800 758 1877 utitur,
785 1806 854 1863 tam
880 1798 964 1865 bene
996 1799 1039 1868 ad
1070 1799 1223 1864 animum
1247 1804 1373 1887 etsen-

205 1926 282 1968 sum
305 1905 446 1990 virginis
470 1906 662 1992 respiciunt,
689 1913 725 1970 ut
748 1907 875 1992 optimo
909 1908 984 1992 jure
1018 1928 1217 1992 persuasum
1252 1903 1375 1969 habeat

202 2012 294 2075 illam
330 2013 391 2077 etsi
416 2012 456 2077 de
500 2035 580 2078 vera
624 2014 745 2078 somnii
799 2020 919 2078 natura
965 2013 1105 2078 celatam
1152 2012 1373 2077 nihilominus

205 2118 293 2183 dicto
329 2119 521 2185 audientem
557 2123 706 2185 futuram
743 2142 821 2186 esse.
882 2121 1037 2206 Denique
1072 2127 1170 2206 poeta
1203 2119 1372 2184 somnium

206 2247 241 2290 re
265 2227 344 2290 satis
368 2228 454 2292 rrrira
477 2228 659 2306 exornavit,
688 2228 741 2292 cui
766 2228 909 2292 similem
943 2228 977 2291 in
1014 2228 1107 2292 libris
1130 2232 1195 2310 βγ
1229 2248 1297 2290 non
1322 2225 1374 2289 dc·

203 2333 461 2418 prehendimus:
501 2357 582 2399 nam
615 2357 693 2400 cum
728 2335 918 2422 Minervam
952 2357 1011 2420 1111
1045 2335 1175 2399 clausas
1215 2334 1302 2398 iores
1337 2337 1375 2397 ut

209 2441 298 2506 venti
322 2441 477 2526 spiritum
501 2443 641 2527 virginis
665 2443 852 2507 thalamum
875 2443 1055 2507 intrantem
1079 2443 1203 2506 iaceret
1227 2439 1291 2525 (19.
1306 2440 1373 2525 20),

207 2546 350 2612 fabulosi
374 2548 562 2633 quidquam
586 2556 687 2635 atque
711 2549 844 2635 mystici
861 2549 996 2614 divinae
1020 2556 1159 2614 naturae
1176 2546 1375 2613 suauissima

207 2653 366 2741 addiditr)
391 2708 396 2719 .
444 2655 485 2719 ln
508 2656 706 2720 universum
729 2663 842 2721 autem
867 2678 907 2720 ex
932 2655 1089 2721 omnibus
1112 2655 1194 2734 istis,
1220 2676 1306 2740 quae
1323 2675 1375 2718 ex·

205 2760 387 2840 hibuinrus,
413 2763 619 2847 argumentis
643 2770 790 2849 apparet,
815 2770 853 2827 ut
875 2786 923 2829 vs
951 2768 968 2843 ζ
997 2763 1133 2840 13-47,
1159 2762 1217 2847 qui
1241 2760 1376 2847 epipha-

207 2868 300 2932 niam
323 2875 346 2948 β
369 2898 388 2953 y
412 2869 586 2954 diligentia
615 2859 775 2955 aequant,
812 2876 881 2934 arte
914 2868 1114 2956 superanti),
1149 2868 1267 2954 priscis
1298 2874 1378 2931 tem-

209 2973 522 3062 poribusconeepti
547 2977 623 3055 sint,
649 2977 741 3064 quod
772 2977 862 3042 idenr
897 2984 929 3042 11
952 2976 1131 3041 Kirehhoff
1165 2982 1199 3040 et
1220 2975 1377 3041 Wilamo·

209 3081 287 3160 vitz,
312 3082 386 3148 aliis
410 3084 617 3168 argumentis
640 3084 794 3169 permoti,
819 3091 964 3149 censent.

212 3352 528 3361 ———-

298 3544 321 3616 l)
340 3546 416 3615 Quae
440 3548 472 3601 de
501 3546 619 3616 somniis,
646 3564 714 3614 quae
746 3550 818 3615 apud
837 3546 989 3601 Homerum
1013 3547 1197 3616 inveniuntur,
1226 3561 1380 3600 commemo-

209 3634 314 3690 ratione
342 3636 426 3704 digna
453 3644 526 3706 sunt,
566 3637 600 3694 G.
621 3637 665 3690 W.
685 3637 800 3692 Nitzsch
836 3637 866 3690 in
892 3637 1110 3690 adnotationibus
1138 3637 1173 3690 ad
1208 3636 1227 3686 d
1256 3639 1378 3688 795-99

211 3725 356 3795 congessit.
877 3751 879 3755 ν

301 3865 322 3935 l)
344 3867 435 3922 Etiam
455 3868 484 3921 in
503 3868 592 3923 verbis
610 3866 680 3921 ’ἐπεὶ
699 3869 860 3937 διεπέφραδε
879 3866 976 3940 uodpp'
995 3869 1076 3923 velim
1095 3876 1189 3937 poetae
1207 3868 1380 3938 diligentiam

212 3973 364 4025 cognoscas.
410 3957 462 4011 Est
488 3957 558 4010 enim
588 3956 731 4028 draqutw
757 3959 867 4012 verbum
886 3958 1070 4027 transitivum,
1099 3959 1168 4026 quod
1194 3959 1318 4012 hocloco
1337 3974 1380 4012 ex-

185 4072 187 4076 *
213 4052 289 4112 cepto
309 4061 446 4112 nunquam
466 4045 524 4099 sine
544 4045 636 4112 aliqua
663 4046 842 4113 explicatione
862 4047 971 4114 ponitur
997 4047 1057 4114 (cfr.
1078 4044 1114 4107 ὥς
1132 4047 1293 4117 διεπέφραδε
1312 4053 1338 4098 Σ
1355 4053 1380 4114 9,

214 4135 281 4187 doen.
308 4132 393 4185 ndum
422 4137 646 4203 1134111590).
693 4135 749 4188 Hic
774 4152 837 4190 vero
865 4143 963 4205 noster,
992 4151 1051 4189 cum
1079 4152 1119 4190 vs.
1144 4141 1177 4190 46
1204 4153 1268 4191 voce
1291 4134 1380 4187 πάντα

214 4223 392 4292 concluderet,
421 4222 519 4276 maluit
538 4223 728 4291 neglegentiae
756 4224 1262 4294 1111111111111111111111111111111,
1291 4241 1380 4295 quam,

214 4327 275 4365 cum
300 4311 329 4364 in
355 4311 509 4377 insequenti
537 4326 617 4364 versu
641 4314 723 4376 (recte
751 4312 858 4379 quidem
885 4314 1030 4367 secundum
1049 4314 1242 4382 grammaticae
1260 4313 1382 4383 regulas)

215 4401 286 4453 dero.
306 4397 396 4453 πάντα
420 4400 558 4471 scriberet,
587 4408 772 4470 xcexoqom'av,
806 4417 875 4468 quae
904 4413 1024 4473 vocatur,
1056 4413 1084 4457 et
1113 4419 1172 4456 eam
1199 4403 1381 4458 foedissimam

215 4491 303 4545 cdere.
