3218 5332
696 311 917 378 ..57-

222 508 293 574 sine
327 489 395 573 ulla
431 507 615 573 offensione
639 508 764 594 optime
788 531 822 574 se
846 508 979 574 habent.
1037 509 1211 585 Praeterea
1235 508 1387 594 ineptum

222 622 280 692 est,
306 613 397 701 quod
421 615 536 681 Ulixes
560 616 748 682 Minervam
780 639 839 702 per
862 623 991 702 patrem
1016 616 1174 695 obsecrat,
1210 617 1306 681 euius
1341 616 1387 680 rei

221 723 414 807 exemplum
448 722 539 808 apud
562 722 761 801 Homerum,
793 731 830 788 ut
853 724 923 788 fieri
947 724 1112 807 convenit,
1148 745 1318 809 nusquam
1341 724 1387 787 in-

220 831 371 907 venitur3
405 830 481 914 quis
506 837 554 895 est
578 831 678 909 enim,
710 831 770 915 qui
793 831 872 895 deos
895 853 955 917 per
978 853 1093 896 eorum
1117 837 1227 916 patres
1251 830 1387 895 obteste-

220 939 298 1001 tur?
346 936 391 1003 „Si
426 944 538 1002 autem
564 934 678 1003 Ulixes
715 938 963 1003 adulescentem
997 945 1212 1023 perpetrem
1240 939 1310 1002 eius
1334 936 1387 1002 ob-

170 1124 173 1129 ,
221 1042 343 1123 sacrat,
376 1065 467 1110 more
502 1044 640 1114 illorum
678 1052 868 1131 temporum
887 1073 892 1081 ·
911 1045 1128 1110 usitatissimo
1174 1045 1279 1109 utitur
1316 1043 1385 1131 (cir.

221 1159 256 1216 X
276 1152 352 1216 338.
377 1153 451 1231 345,
490 1157 518 1215 Ω
541 1153 615 1216 371.
652 1153 727 1231 486,
753 1157 771 1219 λ
795 1152 857 1240 66).
917 1152 1070 1237 Denique
1095 1152 1220 1230 Ulixes,
1256 1152 1314 1216 ubi
1338 1173 1387 1216 co-

219 1259 337 1343 gnorit
360 1280 394 1323 se
418 1280 452 1324 re
475 1280 555 1347 vera
577 1258 710 1325 Ithacae
735 1281 815 1337 esse,
851 1259 932 1324 deae
967 1259 1130 1344 propitiae
1165 1281 1234 1324 non
1262 1259 1386 1343 gratias

219 1366 297 1450 agit,
334 1367 393 1432 sed
416 1373 539 1431 terram
562 1368 705 1452 patriam
729 1368 883 1432 osculans
918 1366 1078 1452 nymphis
1112 1366 1386 1451 imprecationem

220 1479 252 1538 et
275 1472 469 1538 libationem
492 1474 671 1559 promittit:
702 1474 963 1559 quodquidam,
1000 1475 1028 1538 si
1059 1473 1156 1538 deam
1185 1473 1385 1558 agnovisset,

218 1602 287 1645 non
311 1581 420 1644 solum
450 1581 861 1667 ingratum,'imprudens,
894 1581 1109 1662 inurbanum,
1143 1581 1386 1645 verumetiam

220 1686 319 1772 plane
343 1709 540 1773 perversum
563 1695 657 1753 esset.

307 1793 353 1858 At
374 1795 516 1880 apponit
539 1795 728 1880 „siquidem
744 1796 896 1862 Minerva
911 1818 1033 1881 meque
1056 1796 1230 1880 filiumque
1255 1795 1384 1860 salvum

219 1900 319 1965 faciat
342 1899 466 1987 (359l‘2,
520 1901 683 1980 Concede,
718 1902 775 1968 sed
800 1924 877 1966 cum
901 1903 963 1987 hoc
987 1902 1089 1981 addit,
1122 1903 1293 1968 Minervae
1317 1908 1385 1966 non

219 2008 328 2072 solurn
342 2029 410 2072 non
433 2009 556 2093 gratias
569 2009 647 2094 agit,
673 2031 790 2076 verum
807 2010 970 2074 currilium
996 2011 1066 2074 eius
1091 2010 1190 2074 etiam
1214 2009 1249 2072 in
1273 2010 1386 2072 futura

219 2121 370 2200 tempora
405 2115 467 2180 sibi
503 2108 618 2201 p'oscit,
655 2139 723 2202 qua
756 2139 791 2181 re
822 2118 1001 2202 ingratiam
1033 2116 1244 2201 impudentia
1275 2122 1383 2200 auget.

179 2269 183 2274 -
219 2223 368 2319 Tantum
390 2230 504 2288 autern
528 2223 631 2303 abest,
668 2229 705 2288 ut
727 2225 782 2289 hic
813 2231 925 2289 noster
948 2225 984 2288 in
1008 2223 1172 2289 eiusmodi
1196 2223 1315 2288 vitium
1339 2223 1385 2285 in-

219 2328 316 2407 cidat,
341 2336 379 2394 ut
401 2329 544 2395 versibb.
562 2330 686 2406 359l60
710 2332 818 2396 Ulixis
842 2332 1027 2416 orationem
1050 2330 1287 2397 venustissimo
1312 2330 1385 2393 arti-

219 2436 293 2520 ficio
322 2438 540 2502 exonraverit.
582 2439 697 2504 Ulixes
714 2440 814 2519 enirn,
840 2440 898 2524 qui
922 2439 1018 2504 deam
1044 2459 1153 2523 neque
1177 2430 1269 2522 apud
1284 2437 1385 2500 Phac-

219 2564 294 2607 aees
318 2543 381 2608 sibi
405 2545 529 2610 arudlio
552 2546 683 2611 venisse
700 2568 810 2633 neque
833 2568 924 2612 nunc
948 2546 1011 2611 sibi
1028 2546 1158 2610 adstare
1176 2552 1385 2629 compertum

218 2649 329 2729 habet,
365 2650 594 2727 nihilominus,
620 2660 657 2717 ut
680 2660 729 2719 est
752 2655 828 2740 pius
852 2676 930 2739 erga
954 2675 1101 2738 superos,
1134 2658 1323 2737 postquam,
1349 2657 1385 2715 ut

218 2759 269 2822 fas
293 2764 351 2836 est,
375 2760 543 2844 nymphas
567 2762 691 2845 patrias
713 2761 916 2846 imprecatus
940 2767 998 2839 est,
1024 2761 1124 2825 etiarn
1148 2759 1255 2836 deam,
1289 2757 1384 2855 cuius

219 2864 281 2929 sub
305 2865 409 2930 tutela
433 2888 467 2930 se
491 2866 583 2931 haud
606 2868 739 2953 ignorat
762 2891 842 2947 esse,
867 2882 935 2933 non
953 2867 1169 2933 obliviscitur.
1201 2865 1384 2929 Audientes

175 2986 183 3004 ·
218 2993 307 3050 vere,
343 2974 401 3058 qui
425 2974 614 3039 Minervam
637 2976 752 3041 adesse
789 2977 908 3054 sciunt,
945 2983 977 3040 et
1011 2975 1073 3039 dea
1108 2974 1181 3058 ipsa
1215 2971 1383 3057 quomodo

219 3079 383 3145 eiusmodi
406 3081 475 3146 fere
499 3082 688 3147 inconsulta
703 3072 917 3149 veneratione
935 3082 1086 3148 delectati
1111 3081 1186 3159 sint,
1212 3079 1383 3163 intellegas

219 3207 235 3250 e
260 3187 360 3251 simili
384 3188 684 3269 1000P544273,
710 3191 768 3255 ubi
791 3192 952 3269 Minerva,
978 3211 1064 3275 quae
1088 3187 1258 3272 incognita
1281 3186 1383 3250 Phoe-

218 3293 302 3393 niqis
336 3296 444 3360 forma
478 3296 597 3361 induta
631 3319 709 3362 curn
738 3299 889 3363 Menelao
924 3297 1133 3382 colloquitur,
1168 3295 1384 3361 vehementer

216 3400 351 3484 gaudet,
387 3403 479 3487 quod
512 3403 554 3468 ab
590 3426 628 3469 eo
647 3406 772 3490 ,prima
805 3406 960 3472 invocata
983 3411 1032 3469 est
1055 3405 1094 3485 <P
1117 3401 1262 3484 serlus),
1296 3400 1383 3464 sirni-

217 3507 351 3593 lemque
386 3509 421 3573 in
456 3510 596 3575 modurn
630 3512 755 3596 gaudet
789 3511 818 3597 (y
852 3512 923 3599 52),
968 3510 1068 3597 quod.
1091 3510 1283 3574 Pisistratus
1319 3507 1382 3571 sibi

217 3615 345 3698 primae
369 3617 505 3682 calicem
528 3618 571 3682 ad
594 3618 788 3684 libationem
816 3620 980 3704 praebeat.
1038 3619 1078 3682 ln
1108 3617 1304 3695 universum
1327 3636 1393 3678 au·-

217 3728 286 3786 tem
309 3744 350 3787 ex
374 3745 422 3802 eo,
448 3725 538 3810 quod
561 3748 608 3791 rs.
635 3752 653 3790 v
676 3727 829 3792 aaa-m
850 3730 888 3810 ΛΓ
906 3727 1010 3790 344-
1019 3728 1062 3790 60
1085 3745 1194 3809 neque
1218 3723 1253 3786 in
1278 3728 1381 3807 poste-

217 3831 303 3895 riore
333 3830 409 3895 libri
433 3860 451 3899 ν
474 3839 567 3917 parte
602 3834 687 3899 bene
711 3834 860 3899 collocati
897 3840 976 3898 sunt
1010 3840 1042 3898 ot
1077 3853 1210 3897 summa
1241 3837 1310 3894 arte
1334 3829 1380 3891 in-

217 3937 333 4002 structi
367 3939 543 4023 ingenium
578 3941 658 4019 eius,
695 3942 753 4027 qui
789 3941 1005 4026 epiphaniam
1041 3940 1077 4008 v¹
1108 3938 1269 4023 concepit,
1306 3937 1380 4000 resi-

217 4045 324 4129 piunt,
350 4045 594 4112 demonstrasse
617 4049 701 4112 mihi
724 4048 839 4114 videor
863 4070 918 4114 eos
942 4048 1044 4134 priori
1066 4046 1153 4131 parti
1176 4043 1379 4122 tribuendos

181 4150 186 4161 '
218 4151 276 4216 sed
292 4152 334 4216 ab
352 4175 400 4231 eo,
418 4155 476 4240 qui
494 4155 711 4242 epiphaniam
726 4155 767 4225 21²
790 4156 996 4241 conscripsit,
1020 4155 1056 4219 in
1072 4176 1172 4219 suum
1188 4158 1381 4218 contextum

216 4265 467 4345 receptos-esse.

305 4369 440 4434 Praeter
462 4369 523 4434 hos
546 4392 662 4435 versus
687 4372 895 4456 relinquitur,
929 4370 969 4436 ut¹
996 4370 1036 4434 de
1059 4369 1203 4435 versibb.
1225 4368 1379 4431 412-28

217 4482 249 4539 et
270 4476 336 4540 440
367 4475 470 4541 verba
497 4477 669 4557 faciamus,
701 4477 759 4544 ubi
783 4479 935 4544 Minerva
965 4500 1042 4543 curn
1068 4477 1165 4543 Ulixe
1189 4471 1380 4541 Telemachi
