3218 5332
606 290 823 402 ...ὅ-

134 484 234 551 rebus
269 484 390 550 divinis
425 486 529 570 petita
564 485 607 550 ad
631 491 791 572 tempora,
829 487 952 573 quibus
984 488 1107 573 singuli
1130 488 1194 554 loci
1217 506 1302 554 com-

134 593 233 678 positi
258 598 376 670 essent,
413 593 647 659 constituenda
670 593 904 660 adhibuerunt.
963 594 1030 695 §ed
1060 617 1138 661 cum
1162 596 1303 661 Homeri

135 699 214 764 deos
250 720 316 763 non
352 699 555 784 respicerent
597 701 662 766 nisi
698 703 870 766 occasione
907 702 994 780 data,
1032 703 1226 788 saepissime
1261 725 1303 768 ex

133 808 284 893 ipsorum
308 794 472 872 sentiendi
496 807 624 873 ratione
646 809 892 894 judicaverunt,
919 831 990 894 quo
1020 810 1148 874 iactum
1172 816 1229 890 est,
1265 817 1322 875 ut>

133 938 202 980 non
227 912 300 980 raro
324 914 360 990 in
384 936 509 980 errores
533 914 726 980 inciderent.
774 915 832 980 Ille
855 937 945 992 vere,
970 917 1029 1001 qui
1052 917 1226 983 universas
1250 939 1302 983 res

134 1012 265 1088 divinas
289 1007 442 1086 funditus
466 1023 690 1107 pertractavit,
715 1022 1017 1108 Naegelsbachium
1041 1023 1125 1103 dice,
1150 1024 1301 1089 Homeri-

133 1152 249 1195 corum
273 1129 461 1194 canniuum
484 1129 760 1215 compositionem
776 1152 852 1195 cum
871 1130 976 1215 plane¹
988 1131 1187 1216 neglegeret,
1212 1128 1301 1196 theo·
1354 1156 1357 1163 ·

135 1237 259 1321 logiam
283 1236 500 1301 Homericam
524 1242 700 1320 tamquam
723 1258 827 1300 unam
856 1243 889 1302 et
912 1237 1098 1322 simplicem
1122 1237 1185 1302 sibi
1210 1259 1301 1303 exco-

133 1343 261 1433 gitavit.
310 1344 404 1419 Quae
429 1365 506 1408 cum
530 1343 577 1407 ita
600 1343 676 1421 sint,
709 1364 828 1428 operae
852 1350 901 1408 est
916 1345 1069 1429 'pretium
1093 1351 1126 1409 et
1148 1345 1301 1429 Naegels-

133 1451 243 1516 bachii
272 1457 305 1515 et
334 1450 475 1514 aliorum
511 1450 704 1536 inquirendi
739 1449 924 1515 rationibus
959 1451 1146 1516 coniunctis
1176 1452 1299 1530 videre,
1351 1434 1355 1442 ’

133 1558 297 1644 quidnam
328 1579 345 1622 e
373 1557 472 1622 rebus
506 1557 628 1623 divinis
661 1558 820 1622 continuo
843 1559 1051 1643 pertractatis
1083 1558 1126 1622 ad
1149 1559 1300 1623 Homeri·
1390 1550 1395 1561 ⁸

132 1687 248 1732 corum
272 1665 461 1730 carminum
484 1665 762 1750 compositionem
786 1665 1053 1751 cognoscendam
1076 1647 1247 1730 efficiatur.

675 1992 810 2108 §25

220 2204 296 2269 Jam
328 2224 405 2268 vero
439 2202 466 2265 si
497 2222 537 2265 ex
570 2201 626 2279 eia,
664 2222 750 2286 quae
774 2201 895 2286 singuli
922 2208 1038 2286 poetae
1067 2201 1107 2266 de
1132 2201 1231 2267 rebus
1254 2203 1298 2267 di-

131 2311 220 2377 vinis
255 2309 428 2386 senserint,
467 2309 507 2373 de
542 2308 800 2372 Homericorum
835 2309 1034 2373 carminum·
1060 2309 1299 2394 compositione

131 2417 242 2483 doceri
264 2417 474 2502 propositum
498 2422 556 2493 est,
581 2415 747 2501 imprimis
764 2423 902 2500 oportet,
927 2422 964 2480 ut
988 2437 1027 2480 ea
1048 2417 1298 2501 perlustramus,

129 2547 215 2612 quae
251 2524 294 2589 ad
327 2524 489 2608 cuiusque
523 2529 640 2608 poetae
669 2524 844 2607 proprium
868 2544 1005 2588 sensum
1029 2523 1299 2608 cognoscendum

128 2633 277 2698 maxime
312 2631 434 2695 idonea
469 2636 556 2694 sunt.
617 2629 702 2693 Sunt
738 2636 851 2694 autem
886 2629 998 2694 idonei
1034 2631 1063 2695 ei
1086 2631 1299 2716 potissimum
1327 2687 1329 2690 Α

128 2741 201 2818 loci,
226 2739 284 2804 ubi
309 2738 361 2802 dei
386 2759 463 2802 cum
487 2735 680 2801 hominibus
704 2737 903 2802 commercio
928 2745 960 2802 et
983 2738 1148 2824 colloquio
1164 2739 1299 2804 coniun-

127 2854 261 2933 guntur.
311 2845 440 2930 Singuli
473 2845 564 2909 enim
587 2865 713 2921 versus
749 2844 807 2908 ubi
843 2844 884 2909 de
918 2844 1057 2909 deorum
1092 2846 1297 2924 auctoritate,

128 2955 286 3040 potentia,
313 2952 478 3017 similibus
502 2951 601 3016 rebus
625 2950 728 3017 verba
750 2952 845 3031 fiunt,
881 2951 956 3016 ideo
984 2975 1053 3017 non
1077 2953 1148 3017 sine
1172 2952 1298 3018 dubita-

129 3063 220 3127 tione
254 3062 290 3125 in
324 3060 490 3146 judicium
525 3065 698 3136 vocantur,
733 3059 824 3144 quod
854 3058 1037 3123 admodum
1061 3082 1134 3124 raro
1158 3067 1297 3138 constat,

71 3186 74 3191 ’
128 3176 241 3234 utrum
274 3190 293 3232 a
323 3174 421 3252 poeta
453 3167 525 3251 ipso
550 3166 726 3251 compositi
761 3187 804 3230 an
828 3151 920 3230 more
950 3167 1084 3231 illorum
1107 3173 1297 3252 temporum

128 3276 193 3341 alia
229 3297 270 3339 ex
305 3280 398 3359 parte
423 3273 545 3357 recepti
571 3279 603 3337 et
626 3273 734 3337 iterati
765 3273 840 3338 sint.
899 3273 1010 3353 Velut,
1046 3280 1084 3337 ut
1107 3274 1298 3359 exemplum
1368 3262 1370 3266 Α

129 3375 278 3460 afferam,
305 3403 345 3446 ex
368 3379 520 3446 versibus
545 3384 563 3448 d
588 3381 650 3444 237
677 3386 709 3453 et
732 3385 750 3456 ξ
772 3380 848 3457 445,
879 3378 937 3443 ubi
966 3379 1006 3444 de
1030 3380 1113 3445 Jove
1137 3381 1298 3467 scriptum

128 3490 282 3556 videmus
318 3486 483 3556 ‘drinaum
513 3487 576 3576 γὰρ
607 3484 744 3554 ἅπαντα
760 3493 777 3565 ²,
818 3487 1015 3552 concludere
1039 3508 1107 3551 non
1142 3487 1226 3565 licet,
1262 3495 1299 3552 ut

53 3638 59 3649 ·
129 3606 271 3682 uterque
295 3601 393 3680 poeta
417 3594 457 3658 de
482 3594 543 3659 deo
576 3594 666 3659 idem
696 3594 836 3659 senserit
872 3600 930 3658 aut
954 3601 1093 3680 uterque
1116 3616 1232 3660 versus
1256 3594 1298 3659 ab

129 3705 247 3770 eodem
281 3709 379 3788 poeta
417 3701 621 3786 compositus
665 3702 722 3780 sit;
762 3702 877 3780 imme,
917 3722 994 3766 cum
1014 3701 1189 3775 ¹facillime
1227 3701 1298 3766 fieri

129 3819 249 3898 posset,
281 3816 327 3874 ut·
342 3810 424 3873 alter
448 3809 583 3872 alterius
606 3808 709 3874 verba
732 3809 768 3872 in
792 3830 891 3872 suum
915 3830 1016 3873 usum
1039 3814 1254 3883 converteret,
1279 3830 1299 3872 a

128 3919 292 4006 principio
323 3939 364 3980 ex
388 3917 450 3981 isto
474 3915 685 3980 hemistichio
717 3915 757 3980 de
787 3902 962 4000 poetarum
994 3917 1116 4001 pietate
1149 3922 1207 3980 aut
1229 3937 1297 3981 ver-

129 4025 228 4092 suum
252 4031 358 4090 aetate
382 4023 466 4088 nihil
490 4024 641 4088 efficitur.
698 4023 757 4088 Sin
781 4030 893 4088 autem
917 4031 1032 4108 poetae
1057 4023 1196 4088 deorum
1220 4044 1297 4087 cum

126 4132 321 4199 hominibus
359 4152 554 4216 congressus
589 4131 752 4216 depicturi
788 4137 891 4209 erant,
928 4149 1137 4216 quamquam
1172 4129 1297 4215 passim

79 4255 83 4263 “
127 4260 244 4308 versus
267 4241 402 4309 iteratos
425 4239 569 4303 inserere
592 4238 721 4317 licebat,
746 4245 860 4315 tamen
876 4237 1090 4323 cogebantur,
1114 4244 1152 4321 ut
1175 4237 1238 4320 ipsi
1262 4236 1296 4299 in

128 4349 324 4414 universum
353 4346 474 4410 animis
504 4344 567 4410 sibi
598 4345 804 4430 effingerent,
843 4365 911 4430 qua
938 4344 1065 4408 ratione
1093 4343 1144 4407 dei
1180 4348 1212 4406 et
1243 4342 1298 4405 ho-

128 4456 236 4520 mines
260 4453 500 4519 commercium
524 4452 611 4516 inter
635 4453 840 4517 sciscerent
864 4458 896 4516 et
918 4450 1204 4535 colloquerentur;
1235 4449 1298 4513 hoc
