3218 5332
752 740 774 827 ς
797 741 849 807 20.

306 936 467 1004 Versibus
491 960 512 1005 σ
536 937 696 1016 190--97,
726 937 784 1003 ubi
816 938 968 1004 Minerva
992 938 1182 1023 Penelopen
1212 939 1248 1003 111
1278 918 1383 1024 publi-

218 1065 295 1109 cum
318 1065 549 1130 processuram
572 1044 674 1109 comit
697 1051 729 1109 et
759 1051 905 1124 exornat,
931 1067 1000 1110 non
1028 1046 1141 1110 minus
1170 1045 1381 1110 offendimur.

217 1151 352 1216 Etenim
376 1151 456 1216 satis
485 1152 611 1216 mirum
634 1157 692 1230 est,
717 1151 810 1235 quod
841 1152 958 1217 eadem
988 1152 1059 1232 dea,
1084 1153 1230 1238 quaein
1258 1151 1342 1217 libro
1367 1157 1384 1231 ζ

217 1257 402 1324 Nausicaae
426 1258 602 1348 dormienti
626 1258 735 1323 aliena
757 1259 865 1323 iorma
880 1258 999 1324 induta
1022 1260 1213 1345 apparebat,
1234 1259 1383 1324 hocloco

217 1387 285 1430 non
314 1372 519 1431 commutata
548 1386 627 1431 cum
649 1365 815 1450 Penelope
847 1364 1040 1445 dormiente,
1073 1387 1220 1451 quaeum
1251 1367 1325 1431 aliis
1347 1367 1383 1430 in

216 1472 297 1538 locis
320 1494 389 1537 non
412 1464 620 1558 colloquitur,
645 1472 883 1538 commercium
905 1472 995 1539 iacit.
1043 1474 1137 1549 Quae
1165 1474 1305 1539 offensio
1329 1495 1383 1538 au·

216 1586 322 1664 getur,
348 1580 376 1645 si
399 1579 545 1665 respicio,
570 1579 664 1665 quod
686 1579 798 1644 media
821 1586 928 1644 aetate
951 1601 993 1644 ne
1010 1580 1210 1646 Telemacho
1234 1580 1382 1665 quidem,

217 1708 320 1771 quem
343 1708 476 1752 summa
499 1708 577 1752 oum
601 1708 681 1752 cura
711 1685 894 1765 adiuverat,
928 1687 1107 1752 manifesta
1137 1687 1302 1773 apparuit,
1334 1688 1384 1756 ‘od

216 1791 279 1885 γάρ
310 1822 381 1875 πως
404 1791 564 1862 πάντεσσι
594 1801 671 1861 θεοῖ
701 1805 877 1881 φαίνονται
908 1796 1064 1880 ἔναργεῐς’
1092 1792 1130 1880 (π
1160 1793 1241 1882 161).
1289 1794 1383 1858 Prae-

217 1907 307 1966 terea
329 1900 447 1986 priscis
470 1900 677 1986 temporibus
702 1901 756 1966 dei
772 1900 920 1973 soliseis
944 1900 1053 1979 rebus
1078 1895 1164 1986 quae
1189 1908 1221 1966 et
1243 1901 1384 1966 maximi

217 2007 382 2072 momenti
406 2014 501 2072 erant
523 2028 633 2092 neque
660 2007 726 2073 nisi
754 2007 824 2073 deis
854 2007 1051 2093 juvantibus
1078 2008 1192 2092 perfici
1219 2013 1382 2093 poterant,

218 2135 252 2180 se
275 2113 513 2181 admiscebant.
563 2113 629 2180 Sed
652 2135 738 2200 quae
755 2114 907 2180 Minerva
929 2113 993 2192 hoc
1016 2113 1088 2179 looo
1111 2114 1248 2200 perficit,
1273 2135 1382 2199 neque

216 2221 317 2286 ullius
348 2221 510 2286 momenti
538 2227 617 2286 sunt
644 2243 754 2306 neque
787 2220 901 2287 divino
930 2221 1054 2287 auxilio
1083 2219 1185 2306 digna
1215 2221 1380 2287 videntur.

216 2328 372 2415 Namque
402 2327 455 2393 ad·
468 2329 662 2395 universam
683 2328 852 2414 Odysseae
874 2328 1313 2414 fabulampromovendam
1335 2329 1382 2392 ni-

217 2435 265 2499 hil
296 2436 418 2515 valent,
451 2457 529 2501 oum
552 2436 717 2522 Penelope
749 2457 797 2514 eo,
827 2434 917 2520 quod
935 2435 990 2500 'ad
1017 2456 1135 2521 procos
1165 2434 1323 2522 procedit,
1347 2434 1382 2499 id

219 2543 329 2608 solum
346 2543 476 2622 efficiat,
500 2549 538 2607 ut
562 2543 658 2608 donis
682 2542 813 2628 expleta
835 2543 872 2607 in
895 2541 1082 2607 thalamum
1109 2542 1238 2622 redeat;
1268 2549 1384 2629 postea

217 2650 321 2736 hujus
345 2650 392 2715 rei
415 2671 585 2736 nusquam
613 2649 739 2715 mentio
769 2642 835 2729 fit,
851 2649 1175 2735 atque‘Penelopen,
1195 2671 1292 2735 quae
1324 2671 1384 2735 per

218 2778 253 2823 se
276 2757 349 2843 ipsa
366 2779 506 2823 'summa
528 2757 776 2843 pulchritudine
800 2757 895 2822 floret
917 2755 948 2843 (d
971 2756 1056 2844 366),
1081 2751 1199 2821 ornare
1222 2778 1291 2821 non
1314 2762 1382 2821 tan·

217 2869 271 2929 tae
302 2864 400 2929 molis
433 2870 512 2944 erat,
545 2871 583 2929 ut
614 2864 728 2930 divino
757 2864 881 2928 auxilio
910 2885 994 2950 opus
1025 2869 1118 2942 esset,
1149 2885 1235 2949 quae
1268 2885 1382 2928 roseo

218 2971 462 3056 comprobatur,
493 2971 585 3058 quod
614 2971 744 3058 puellae
773 2977 907 3037 auctam
930 2971 1001 3036 eius
1030 2970 1319 3056 pulchritudinem
1339 2992 1381 3035 ne

218 3077 491 3144 animadvertunt
507 3079 655 3164 quidem,
673 3099 750 3144 curn
773 3078 892 3144 tacitae
915 3098 1077 3143 unacum
1100 3077 1237 3143 domina
1252 3076 1295 3142 ad
1312 3099 1383 3162 pro-

218 3207 273 3251 cos
297 3185 505 3252 descendunt
528 3185 743 3274 (Volkmann,
762 3185 781 3250 l.
800 3185 820 3250 l.
838 3207 892 3271 pg.
914 3186 996 3272 105).
1037 3185 1151 3261 Quid?
1175 3185 1384 3270 quodetiam

217 3293 355 3371 ratione,
379 3315 447 3380 qua
470 3293 623 3360 Minerva
645 3293 834 3379 Penelopen
867 3293 1014 3372 adiuvat,
1039 3292 1251 3357 offendimur.
1299 3292 1383 3368 Quis

218 3401 309 3465 enim
333 3407 391 3480 est,
408 3400 467 3486 qui
490 3407 589 3486 neget
612 3400 764 3466 Minerva
786 3399 886 3485 plane
908 3399 1088 3484 indignum
1111 3421 1192 3478 esse,
1218 3398 1308 3485 quod
1325 3399 1382 3464 eis-

218 3507 295 3572 dem
307 3507 503 3573 muneribus
526 3507 687 3593 fungitur,
707 3506 831 3593 quibus
855 3528 968 3573 servae
993 3507 1100 3572 solent
1113 3504 1164 3593 2⁰),
1189 3504 1312 3591 quibus
1329 3506 1382 3571 do-

217 3615 347 3680 minam
378 3635 496 3680 ornare
534 3614 737 3700 imperatum
771 3620 829 3693 est,
864 3614 1060 3699 praesertim
1093 3635 1180 3693 oum,
1214 3613 1382 3698 quomodo

217 3721 409 3808 Penelopen
448 3722 625 3801 ornaverit,
665 3721 918 3806 diligentissime
957 3720 1171 3786 describatur.
1227 3720 1383 3804 Denique

218 3850 427 3915 quamquam
449 3830 638 3896 Minervam
664 3829 863 3894 abscessisse
885 3828 1037 3913 legimus,
1062 3827 1103 3894 de
1131 3835 1289 3913 tempore,
1315 3849 1382 3912 quo

218 3937 356 4016 venerit,
386 3936 468 4002 adeo
500 3936 617 4003 incerti
647 3936 878 4021 relinquimur,
907 3943 945 4000 ut
971 3956 1013 4000 ne
1045 3956 1284 4021 cognoscamus
1313 3936 1382 4021 qui·
1450 3986 1464 4015 ,

218 4043 305 4124 dem,
322 4051 436 4108 utrum
452 4044 640 4130 Penelopae
663 4043 783 4109 absens
807 4062 850 4108 an
874 4063 1031 4128 praesens
1054 4064 1212 4107 somnum
1233 4041 1383 4107 concilia·

257 4354 277 4391 ⁰
325 4418 498 4489 20)11111(11111
524 4419 556 4474 ob
581 4434 689 4473 eausam
714 4417 868 4473 Zenodotus
893 4431 1000 4472 versum
1025 4423 1048 4468 Γ
1063 4421 1113 4472 423
1141 4414 1302 4488 eliminavit,
1324 4414 1381 4488 (eir.

218 4510 298 4567 schol.
318 4515 342 4561 A
360 4510 395 4564 ad
413 4515 437 4560 P
452 4514 512 4563 423.
535 4516 555 4560 B
575 4515 599 4560 Τ
615 4510 650 4564 ad
668 4515 691 4560 Γ
706 4512 766 4562 424.
786 4507 900 4563 Nitzsch
919 4508 954 4562 ad
972 4512 994 4558 θ
1012 4512 1028 4561 6
1047 4508 1099 4578 sq.)
