3218 5332
689 313 911 381 ..84-

217 508 400 588 159-164,
424 510 483 575 ubi
506 510 685 596 Neptunus
707 532 831 577 navem
862 510 1056 576 redeuntem
1080 532 1149 576 una
1178 529 1255 577 cum
1279 510 1385 576 Phae-

214 616 330 683 acibus
353 617 389 681 in
413 638 532 682 saxum
558 625 751 698 commutat,
776 623 809 683 et
831 622 851 686 (1
876 617 1059 697 796-839,
1084 617 1144 683 ubi
1166 618 1319 684 Minerva
1344 618 1385 682 si-

215 723 362 789 mulacro
378 724 565 810 Iphthimes
581 725 668 790 facto
684 725 874 811 Penelopen
897 724 1095 790 consolatur.
1135 725 1208 790 Hos
1232 725 1322 790 e'nim
1340 724 1386 789 lo-

216 851 271 897 cos
294 831 486 916 perquirere
509 838 661 897 nostrum
692 853 760 897 non
784 854 854 898 esse
877 831 1005 917 putavi,
1037 830 1137 916 quod,
1172 832 1200 897 si
1229 854 1300 897 rem
1332 853 1386 896 ac·

216 944 328 1004 curate
360 938 507 1022 inspicis,
531 939 769 1004 commercium
798 939 884 1004 inter
907 938 985 1003 deos
1017 944 1049 1003 et
1071 938 1224 1004 homines
1255 939 1386 1004 factum

216 1066 285 1109 non
308 1045 488 1110 continent.
535 1045 771 1111 Praeteriimus
794 1066 930 1131 quoque
964 1065 1082 1110 omnes
1110 1045 1209 1124 locos,
1243 1045 1302 1110 ubi
1325 1067 1384 1130 po-

216 1157 287 1216 etae
311 1150 391 1216 deos
414 1151 554 1238 singulis
578 1151 632 1217 vel
659 1150 748 1217 binis
770 1151 922 1218 versibus
951 1158 1092 1218 ventum
1124 1150 1310 1217 secundum
1335 1152 1386 1216 in-

216 1259 385 1326 mittentes
408 1259 461 1324 vel
485 1259 610 1324 similes
632 1259 771 1324 minoris
795 1259 957 1325 momenti
981 1280 1033 1324 res
1062 1265 1281 1344 exsequentes
1304 1259 1386 1324 faci-

217 1371 289 1430 unt.
335 1365 387 1430 Ex
410 1365 482 1430 istis
506 1366 596 1430 enim
619 1366 781 1444 versibus,
806 1367 865 1451 qui
888 1366 975 1431 inter
1006 1366 1203 1452 epiphanias
1233 1366 1292 1432 vix
1322 1389 1386 1431 nu-

216 1478 397 1551 merantur,
415 1494 474 1558 per
497 1495 532 1537 se
554 1472 771 1539 consideratis
787 1472 828 1538 de
851 1472 1068 1558 temporibus,
1085 1472 1209 1559 quibus
1232 1474 1388 1559 concepti

218 1579 293 1657 sint,
318 1580 456 1644 omnino
480 1579 563 1644 nihil
588 1578 788 1667 efficiturffi).
835 1580 964 1646 Verum
987 1578 1028 1644 de
1061 1580 1109 1645 eis
1132 1580 1221 1658 locis,
1245 1579 1304 1645 ubi
1328 1579 1388 1645 dei

217 1686 373 1764 minores
398 1687 458 1772 qui
481 1692 652 1765 vocantur,
670 1708 748 1752 cum
771 1685 965 1755 homiuibus
982 1685 1253 1771 congrediuntur,
1273 1708 1388 1772 pauca

218 1793 512 1858 commemoranda
530 1799 617 1858 sunt.
657 1793 779 1879 Agitur
795 1800 908 1859 autem
931 1792 971 1858 de
987 1793 1067 1858 locis
1082 1793 1191 1859 hisce:
1217 1793 1389 1859 Eidothea

220 1897 251 1985 ((1
273 1899 461 1987 364--426)
495 1906 529 1965 61
554 1900 693 1966 Proteus
726 1899 757 1987 (d
780 1900 968 1987 426-570)
1000 1921 1077 1965 cum
1107 1900 1260 1966 Menelao
1288 1901 1387 1966 collo-

218 2012 379 2091 quuntur,
403 2006 546 2093 Calypso
569 2005 596 2091 (s
618 2007 792 2095 55-268),
817 2007 1006 2073 Leucothea
1022 2006 1048 2094 (ε
1066 2005 1265 2095 333--362),
1290 2007 1388 2074 Circe

218 2119 248 2200 (a
272 2113 560 2201 2166706661
584 2113 682 2180 Ulixe
706 2114 950 2200 colloquuntur.

307 2220 419 2284 Etiam
443 2219 497 2285 dei
520 2221 666 2286 minores
689 2221 725 2285 in
748 2220 887 2286 deorum
910 2242 1051 2285 numero
1074 2219 1221 2291 habendi
1241 2226 1328 2300 sunt,
1348 2228 1390 2287 ut

218 2327 272 2393 vel
287 2326 365 2392 inde
380 2327 591 2412 intellegitur,
609 2327 699 2412 quod
715 2330 820 2395 ‘dect’
837 2327 1132 2407 (Ε166111660364.
1145 2328 1220 2394 376.
1244 2328 1389 2394 Proteus

220 2437 239 2501 d
263 2435 337 2499 367.
363 2433 505 2519 Calypso
522 2463 538 2501 ε
558 2435 628 2500 186.
648 2434 720 2499 215.
750 2434 939 2499 Leucothea
966 2435 1070 2501 6336.
1097 2434 1190 2499 Circe
1212 2462 1231 2500 κ
1247 2433 1387 2524 310111)

221 2541 275 2607 vel
291 2543 373 2608 ‘dtas
388 2539 514 2608 dedov’
538 2540 749 2626 (Eidothead
772 2542 846 2619 387,
871 2540 1014 2626 Calypso
1037 2570 1053 2608 ε
1077 2541 1198 2634 taes.
1220 2542 1289 2607 192.
1308 2543 1386 2607 242.

223 2648 295 2712 246.
323 2647 399 2734 268)
421 2648 640 2732 appellantur.
689 2647 806 2733 ltaque
831 2647 877 2713 eis
901 2668 979 2713 cum
1002 2647 1072 2714 deis
1096 2648 1235 2733 superis,
1261 2647 1388 2734 quibus

223 2755 366 2840 Calypso
406 2753 654 2840 quodammodo
693 2754 826 2820 videtur
859 2760 1002 2840 aequata
1040 2753 1068 2841 (s
1094 2755 1167 2819 213.
1191 2754 1276 2842 218),
1315 2777 1388 2820 666

222 2881 331 2947 pauca
353 2862 546 2956 communia
568 2868 655 2941 sunt,
680 2861 783 2928 veluti
807 2860 899 2946 quod
921 2860 1089 2927 ambrosia
1111 2860 1142 2948 (ὃ
1155 2859 1233 2950 445)
1259 2868 1292 2927 61
1312 2884 1389 2928 nec-

223 2975 292 3033 tare
316 2967 342 3053 (ε
366 2969 416 3032 93.
446 2967 531 3054 199.)
553 2975 743 3046 vescuntur,
768 2989 878 3053 neque
901 2974 1007 3034 morte
1030 2968 1057 3054 (s
1081 2969 1155 3033 213.
1180 2969 1260 3056 218)
1276 2990 1389 3054 neque

223 3080 392 3140 senectute
415 3076 444 3154 (s
467 3073 543 3161 218)
566 3075 777 3140 afflictantur.
824 3075 999 3141 Praeterea
1029 3081 1067 3140 61
1100 3075 1154 3142 dei
1185 3076 1300 3162 superi
1334 3098 1390 3142 res

223 3183 353 3247 futuras
387 3188 446 3246 aut
480 3182 629 3267 cognitas
663 3182 789 3247 habent
811 3180 960 3268 (Proteus
995 3183 1101 3250 0561
1125 3205 1173 3268 sq.
1198 3183 1392 3249 Leucothea

224 3289 336 3355 6345.
369 3288 512 3374 Calypso
535 3317 551 3355 ε
575 3287 650 3375 206)
677 3295 736 3353 661
768 3289 860 3355 viam
894 3288 1083 3368 ostendunt,
1119 3311 1187 3375 qua
1219 3290 1388 3370 mortales,

226 3416 312 3481 quae
335 3396 448 3459 lutura
482 3394 557 3472 sint,
593 3395 798 3481 prospiciant
831 3395 1008 3475 (Eidothea
1043 3399 1062 3464 (1
1090 3397 1154 3462 399
1178 3417 1226 3481 sq.
1252 3396 1346 3462 Circe
1370 3425 1391 3462 κ

226 3502 291 3567 490
314 3501 384 3588 sq).
432 3502 550 3586 Neque
574 3501 689 3568 divina
711 3509 873 3588 potestate
896 3509 1019 3581 carent,
1043 3525 1121 3568 cum
1154 3509 1295 3570 ventum
1328 3503 1390 3568 im-

226 3609 356 3674 mittere
379 3615 521 3694 possunt
543 3608 729 3674 secundum
749 3609 779 3696 )ε
803 3608 889 3696 228),
913 3609 1005 3694 quod
1027 3610 1101 3676 aliis
1134 3610 1171 3675 in
1205 3610 1285 3676 locis
1302 3605 1390 3697 'Jup-

335 3963 368 4033 ²¹)
386 3963 452 4018 Loci
477 3969 541 4018 sunt
569 3964 646 4022 hice:
664 3963 791 4019 Minerva
818 3963 939 4032 consopit
956 3964 1108 4032 Penelopen
1133 3984 1151 4016 α
1170 3969 1229 4019 ael.
1249 3985 1270 4018 π
1287 3969 1347 4020 451.
1378 3989 1394 4020 r

228 4059 288 4112 eol.
309 4057 411 4123 q3583
431 4053 541 4107 Ulixem
559 4073 570 4105 ε
591 4058 651 4107 493.
689 4053 815 4108 Minerva
829 4053 993 4122 pulchriores
1006 4054 1096 4108 reddit
1108 4054 1298 4109 Telemachum
1315 4061 1393 4122 212.

229 4148 312 4214 ρθ3;
338 4142 447 4196 Ulixem
466 4148 487 4193 0
508 4147 550 4211 18,
569 4159 584 4197 6
602 4143 706 4199 balneis
725 4159 862 4212 egressum
882 4146 896 4204 ζ
915 4149 965 4196 220
985 4155 1007 4205 ψ
1028 4148 1092 4207 166;
1112 4143 1273 4198 Laertem-e
1286 4143 1394 4200 balneis

231 4247 369 4302 egressum
388 4251 408 4282 ω
428 4233 487 4285 367.
525 4231 651 4286 Minerva
670 4232 806 4286 hominum
825 4232 927 4286 animos
946 4238 1094 4287 commovet
1112 4251 1124 4285 ε
1143 4233 1202 4286 427.
1223 4235 1282 4287 437.
1303 4236 1393 4294 ζ112.

233 4328 290 4376 139.
312 4342 327 4391 ρ
347 4325 405 4374 360.
427 4324 521 4374 σ168.
541 4341 555 4372 τ
576 4324 635 4375 470.
656 4340 675 4390 q
697 4326 720 4390 1,
750 4320 876 4376 similiter
902 4323 996 4390 0347,
1016 4342 1031 4373 6
1051 4326 1120 4386 284;
1150 4320 1283 4376 hominem
1310 4324 1395 4378 morti

231 4411 350 4465 destinat
368 4425 385 4460 σ
404 4413 463 4466 155.
499 4409 645 4464 Abstlacte
660 4415 806 4478 usurpatur
819 4410 847 4464 in
860 4410 982 4465 versibus
1001 4431 1013 4463 τ
1032 4417 1047 4464 2
1067 4417 1095 4465 61
1113 4431 1128 4464 τ
1147 4416 1195 4465 ta:
1214 4409 1395 4484 μνηστήρεσσι

232 4498 317 4571 φόνον
334 4496 383 4551 silv
400 4495 496 4570 Ἀθήνῃ
513 4501 693 4570 μερμηρίζων.
