3218 5332
777 276 1129 409 ..m-⁵·

305 527 383 612 ‘pa'
407 524 442 611 (ἡ
466 526 510 611 ῥά
542 530 571 590 ot
602 523 707 605 ἀχλύν
729 553 748 611 η
771 524 825 604 41)
849 530 947 608 poeta
969 523 1122 603 ostendit,
1147 543 1218 588 sese
1252 525 1403 590 consulto
1428 523 1475 589 ad

305 653 354 699 vs.
383 631 422 698 14
446 653 494 717 sq.
519 628 704 719 spectare.⁸)
766 660 774 670 ,

834 906 930 1057 §⁵13-

395 1169 447 1234 Ab
472 1167 652 1253 epiphania
674 1197 692 1255 η
717 1166 760 1232 ad
783 1188 898 1232 versus
921 1195 940 1233 κ
964 1167 1138 1231 att-308
1162 1173 1380 1248 transeamus
1410 1169 1474 1235 ubi

307 1276 490 1344 Mercurius
513 1274 611 1339 rebus
635 1274 681 1339 ita
716 1296 750 1338 se
785 1273 954 1352 admiscet,
990 1279 1028 1338 ut
1061 1274 1152 1338 Ulixi
1185 1274 1295 1340 Circes
1330 1276 1476 1342 domum

307 1386 437 1451 adituro
472 1382 637 1466 magicam
672 1380 820 1458 herbam,
861 1402 928 1465 qua
962 1380 1050 1445 illius
1085 1380 1177 1446 dolos
1211 1383 1321 1448 irritos
1358 1384 1473 1463 faciat,

306 1492 424 1558 tradat.

338 1632 343 1641 ·
396 1598 510 1683 Hujus
533 1596 597 1660 loci
622 1617 672 1660 res
696 1595 827 1661 divinas
844 1594 1084 1660 consideraturi
1108 1594 1257 1680 duplices
1279 1596 1314 1660 in
1331 1596 1474 1663 difficul-

306 1712 389 1772 tates
420 1704 631 1781 incurrimus,
665 1723 742 1767 cum
773 1708 805 1766 et
836 1701 1019 1765 Mercurius
1056 1702 1108 1765 his
1141 1701 1292 1767 versibus
1322 1706 1473 1789 exceptis

307 1814 342 1878 in
367 1811 517 1897 Odyssea
551 1831 629 1873 oum
651 1807 845 1873 hominibus
869 1829 938 1872 non
962 1808 1178 1893 colloquatur,
1217 1815 1250 1873 et
1271 1829 1473 1894 congressus

307 1921 388 2006 ipse,
413 1939 481 1982 non
505 1917 547 1982 ab
564 1916 721 1993 Homero,
746 1921 784 1979 ut
806 1915 853 1979 ita
876 1914 996 1993 dicam,
1021 1914 1079 1980 sed
1103 1914 1145 1980 ab
1162 1915 1260 1980 Ulixe
1286 1923 1470 1982 enarretur.

308 2027 435 2093 Verum
469 2023 682 2088 nihilosecius
718 2022 818 2087 etiarn
853 2020 895 2085 ad
928 2022 1015 2086 hanc
1051 2022 1266 2107 epiphaniam
1296 2022 1473 2110 judicandi

307 2139 413 2211 notas,
439 2130 562 2216 quibus
586 2130 634 2194 uti
658 2129 812 2207 solemne,
837 2127 1064 2193 adhibeamus.

396 2237 580 2303 Mercurius
603 2241 741 2321 apparet
773 2241 977 2317 commutata
1000 2235 1107 2299 torma
1136 2241 1168 2300 et
1191 2257 1229 2301 ea
1251 2237 1385 2322 juvenis
1408 2239 1472 2303 lor-

308 2345 402 2424 mosi,
428 2345 484 2416 cui
505 2364 629 2407 nomen
652 2363 721 2406 non
744 2341 938 2427 impositum
963 2348 1021 2420 est,
1046 2342 1207 2406 nimirum
1231 2365 1269 2408 ea
1293 2342 1333 2408 de
1357 2364 1469 2423 causa,

308 2452 400 2541 quod
423 2451 548 2528 Ulixes,
585 2444 623 2514 iit
653 2470 763 2533 supra,
799 2469 876 2513 curn
899 2434 1089 2514 Phaeacum
1125 2450 1208 2514 fines
1240 2451 1387 2529 intraret,
1424 2452 1473 2518 ita

308 2561 343 2626 in
367 2560 476 2624 Circes
500 2557 611 2622 insula
633 2556 803 2621 neminem
826 2556 997 2641 cognitum
1022 2555 1175 2635 habebat,
1208 2557 1303 2622 cuius
1327 2559 1473 2643 speciem

308 2667 390 2732 deus
423 2664 583 2729 indueret.
614 2663 732 2727 'Haec
764 2668 876 2727 autem
908 2663 1034 2748 species
1064 2664 1210 2728 maxime
1239 2664 1360 2729 idonea
1391 2673 1471 2745 erat,

308 2794 375 2859 qua
398 2772 503 2857 ipsius
527 2777 681 2835 naturam
705 2770 834 2848 celaret,
859 2769 950 2855 quod
973 2771 1090 2855 juveni
1118 2791 1178 2855 per
1206 2771 1306 2837 silvas
1334 2774 1473 2857 vaganti

308 2879 476 2945 offendere
510 2878 649 2942 minime
674 2877 898 2961 suspicionem
922 2875 1025 2941 divini
1051 2877 1166 2941 auxilii
1189 2877 1354 2944 movebat.
1416 2880 1473 2944 At-

309 3009 374 3072 que
397 3007 432 3050 re
455 3005 534 3051 vera
558 2983 751 3060 Mercurius,
777 3004 984 3068 quamquam
1008 2983 1146 3049 herbam
1176 2985 1343 3069 magicam
1371 2986 1474 3052 tradit

311 3095 449 3177 eiusque
472 3091 544 3157 vim
571 3090 714 3175 explicat
741 3089 839 3176 (303),
864 3112 906 3155 ne
930 3090 1031 3157 verbo
1056 3091 1194 3175 quidem
1217 3112 1251 3155 se
1276 3113 1346 3157 esse
1371 3091 1474 3158 deum

309 3200 482 3285 significat,
508 3197 563 3262 sed
589 3197 726 3269 comitor
758 3197 957 3283 colloquitur
992 3204 1092 3283 atque
1126 3219 1164 3263 ea
1198 3219 1276 3263 cum
1298 3199 1472 3283 gravitate,

310 3329 386 3392 qua,
424 3305 482 3391 qui
513 3303 651 3390 periculi
686 3302 892 3369 imminentis
926 3303 1112 3369 remedium
1145 3304 1279 3384 habent,
1312 3305 1474 3372 adversus

313 3413 434 3478 inscios
457 3418 490 3477 et
509 3411 628 3475 auxilii
651 3411 768 3495 inopes
792 3433 809 3476 e
832 3433 943 3476 rerum
978 3417 1099 3476 natura
1133 3412 1181 3477 uti
1206 3412 1319 3477 solent.
1374 3412 1473 3478 Vide-

314 3541 390 3584 mus
414 3519 516 3604 igitur
538 3525 673 3602 poetam
697 3518 797 3582 etiam
829 3518 892 3582 hoc
925 3518 960 3581 in
994 3518 1065 3583 loco
1100 3541 1170 3584 rem
1206 3519 1474 3604 ingeniosissime

310 3628 358 3692 ita
380 3626 586 3702 instruxisse,
623 3631 660 3689 ut
683 3631 716 3689 et
738 3624 853 3690 divina
875 3632 996 3690 natura
1030 3625 1130 3691 lateat
1152 3648 1261 3712 neque
1286 3626 1473 3712 quidquam

310 3733 351 3799 de
375 3733 428 3797 dei
451 3732 645 3798 auctoritate
669 3732 870 3797 detrahatur.
904 3732 1078 3798 Praeterea
1100 3734 1285 3827 justissima
1308 3733 1348 3799 de
1372 3755 1475 3800 causa
1541 3724 1545 3731 ’

382 4053 400 4123 ⁸)
422 4053 493 4123 Quia
511 4070 551 4110 vs.
569 4057 612 4106 80.
643 4056 685 4121 81,
695 4051 761 4105 reici
786 4067 839 4105 non
863 4057 975 4118 possunt
1000 4050 1053 4105 nisi
1076 4051 1271 4105 sententiarum
1290 4068 1417 4122 compage
1436 4054 1474 4107 in·

309 4149 432 4210 terrupta
458 4149 486 4196 et
504 4143 575 4208 quod
593 4158 631 4196 vs.
652 4145 755 4194 56-68
775 4147 803 4194 et
824 4145 961 4194 103--132
981 4141 1157 4207 interpolatos
1174 4156 1230 4194 esse
1250 4147 1362 4210 constat,
1391 4141 1474 4197 Wila-

311 4233 411 4287 movitz
430 4233 485 4301 (pg.
508 4232 615 4298 lossq.)
634 4236 722 4284 totum
741 4230 828 4284 losum
840 4230 904 4284 inde
922 4246 939 4283 a
957 4247 995 4286 vs.
1011 4224 1043 4283 56
1063 4245 1147 4296 usque
1166 4231 1200 4283 ad
1220 4246 1258 4284 vs.
1279 4235 1328 4283 132
1342 4231 1474 4288 eliminat.

311 4322 373 4376 Hac
391 4327 481 4374 autem
501 4322 533 4373 de
552 4336 580 4373 re
599 4319 731 4388 copiosius
750 4335 833 4387 agere
860 4325 952 4372 nostra
971 4335 1023 4373 non
1041 4319 1163 4388 interest,
1192 4320 1261 4386 quod
1286 4326 1377 4374 nostra
1395 4336 1474 4390 argu·

311 4417 402 4465 menta
431 4410 580 4464 eversibb.
603 4411 703 4462 14-47
723 4407 811 4476 petita
829 4415 901 4477 sunt,
930 4424 995 4475 quos
1024 4408 1124 4476 priscos
1153 4425 1210 4465 esse
1238 4408 1320 4464 etiam
1347 4409 1394 4464 ille
1420 4410 1475 4466 no'n

311 4498 432 4570 negavit.
