3218 5332
695 310 974 387 -86-·-Ι

223 517 339 582 eodem
363 517 462 582 modo
486 523 586 602 atque
610 517 754 582 feminae
777 518 932 583 mortales
957 539 991 583 se
1014 525 1144 603 gerunt,
1174 515 1217 582 ad
1240 515 1395 602 quodvis

224 647 348 689 munus
372 631 430 689 aut
453 624 624 689 servitium
650 631 783 708 paratae
807 622 922 710 ((1435.
948 626 1054 691 3165.
1082 625 1156 689 246.
1177 624 1250 688 258.
1266 622 1393 710 2572),

222 731 314 796 velut
337 732 431 796 Circe
454 732 527 816 ipsa
551 730 659 795 Ulixis
683 731 849 795 sociorum
872 731 973 816 pedes
1007 731 1097 797 lavat
1131 729 1160 817 (κ
1184 729 1271 816 449),
1307 752 1394 794 cum

224 838 417 903 hominibus
440 838 524 903 lecto
548 843 581 901 31
603 858 716 902 amore
740 836 991 922 'coniunguntur
1019 836 1046 923 (a
1071 838 1142 902 154.
1168 838 1241 902 227.
1267 865 1285 903 κ
1309 837 1391 901 334.

222 946 295 1008 341.
320 944 418 1030 4801,
443 965 510 1029 quo
533 944 668 1009 vinculo
691 943 744 1009 dei
768 945 879 1029 superi
903 950 936 1008 31
957 944 1110 1009 homines
1147 944 1303 1009 mortales
1341 944 1394 1008 eis

221 1050 437 1136 temporibus
463 1050 519 1115 ubi
544 1051 684 1114 Homeri
707 1049 839 1115 tabulae
863 1057 1018 1135 aguntur,
1042 1073 1111 1116 non
1132 1051 1201 1116 iam
1235 1061 1393 1116 coercen-

222 1165 276 1223 tur
299 1158 367 1244 (cfr.
384 1157 604 1243 Nagelsbach,
629 1157 754 1222 homer.
779 1157 893 1222 Theol.
918 1157 975 1224 IV.
1001 1158 1052 1244 4.).
1099 1159 1152 1223 Ex
1166 1159 1269 1223 altera
1292 1164 1393 1242 parte

222 1265 384 1343 homines,
409 1265 568 1349 quicum
593 1263 779 1329 minoribus
803 1263 873 1329 deis
894 1265 1164 1350 congrediuntur,
1183 1265 1394 1330 verecundia

221 1379 279 1436 aut
313 1373 434 1456 pietate
478 1389 547 1435 non
582 1378 850 1449 commoventur,
884 1372 986 1436 veluti
1021 1372 1192 1437 Menelaus
1226 1373 1393 1436 Proteum

227 1479 340 1544 Ulixes
365 1479 482 1543 Circen
517 1478 551 1544 vi
574 1484 693 1563 petunt
750 1478 964 1554 Quinetiam
990 1532 996 1556 ,
1021 1485 1194 1563 tamquam
1229 1479 1257 1543 si
1281 1478 1394 1543 libidi-

222 1608 337 1650 nosam
362 1586 589 1671 nympharum
613 1582 773 1648 naturam'
793 1592 1000 1670 perspectam
1024 1585 1182 1664 habeant,
1207 1586 1260 1652 vel
1289 1586 1393 1652 bene·

221 1693 304 1758 volis
340 1700 372 1757 31
406 1692 558 1777 propitiis
592 1690 781 1756 diffidentes
805 1690 832 1776 (e
856 1692 929 1757 356.
959 1693 1028 1757 173.
1055 1723 1073 1760 κ
1097 1692 1182 1779 341),
1220 1700 1257 1757 111
1292 1714 1393 1759 sacro

221 1800 407 1865 iuramento
431 1799 594 1884 promissa
617 1799 814 1863 confirment
837 1797 863 1885 (a
889 1800 950 1864 178
974 1821 1022 1885 sq.
1047 1828 1066 1866 κ
1089 1800 1153 1864 343
1178 1800 1249 1887 sq),
1274 1807 1393 1885 postu-

221 1906 300 1970 lant.
754 1915 761 1929 ·
1191 1924 1194 1930 ·
1233 1990 1239 2005 .

328 2014 407 2078 Jam
431 2035 509 2079 vero
541 2013 743 2098 quaerimus,
778 2035 860 2077 num
894 2035 912 2078 e
946 2012 1084 2078 deorum
1116 2014 1286 2078 minorum
1323 2015 1394 2100 epi·

136 2165 154 2195 -,
220 2120 354 2205 pbaniis
378 2127 520 2185 aetatem
556 2121 685 2184 efficere
719 2120 895 2204 possimus,
932 2142 1000 2204 qua
1033 2121 1175 2206 quisque
1198 2121 1303 2199 locuS,
1329 2122 1393 2187 ubi

221 2250 255 2290 se
287 2226 480 2305 admiscent,
506 2226 709 2311 compositus
733 2227 783 2290 sit.
833 2228 908 2303 Qua
943 2227 977 2290 in
1011 2248 1045 2292 re
1068 2228 1216 2312 primum
1246 2235 1394 2313 apparet

221 2333 412 2398 huiusmodi
448 2333 645 2419 epiphanias
680 2354 757 2397 eum
794 2333 864 2398 deis
899 2335 1028 2418 superis
1050 2334 1293 2419 comparandos
1318 2358 1393 2400 non

221 2462 301 2505 esse.
336 2441 491 2526 Namque
516 2441 543 2505 si
566 2446 774 2524 argumenta,
811 2440 934 2525 quibus
958 2463 1059 2526 supra
1086 2463 1155 2506 non
1179 2441 1250 2506 sine
1272 2443 1391 2507 fructu

219 2548 271 2612 usi
288 2569 415 2626 sumus,
436 2547 478 2612 ad
494 2548 556 2612 hos
569 2548 657 2612 locos
674 2546 907 2612 diiudicandos
920 2547 1165 2627 adhiberemus,
1179 2570 1389 2633 cogeremur,

221 2661 257 2718 ut
281 2676 396 2718 omnes
421 2654 656 2719 recentissimis
679 2654 885 2739 temporibus
915 2655 1170 2720 attribueremus
1194 2693 1235 2702 -—
1259 2657 1390 2721 etenim

184 2799 186 2803 ·
220 2762 453 2826 incommutati
488 2767 660 2846 apparent,
701 2762 813 2825 statim
848 2769 1104 2846 cognoscuntur,
1152 2784 1221 2826 non
1255 2763 1312 2828 via
1346 2786 1390 2830 ae

219 2869 345 2933 ratione
369 2869 522 2933 homines
546 2867 716 2946 adiuvant,
749 2869 784 2932 in
808 2875 894 2932 terra
916 2875 1174 2945 commorantur,
1199 2891 1276 2933 cum
1299 2858 1392 2934 morf

220 2974 343 3039 talibus
377 2975 602 3039 familiaritate
626 2981 658 3039 et
681 2974 849 3039 connubio
873 2975 1040 3040 coniuncti
1065 2983 1151 3053 sunt,
1188 2976 1388 3041 auctoritate

219 3089 320 3166 atque
344 3081 522 3145 hominum
546 3082 637 3146 cultu
661 3103 699 3146 ac
725 3082 779 3165 pia
795 3082 981 3147 reverentia
1004 3104 1071 3147 non
1095 3088 1293 3146 utuntur-
1319 3084 1388 3149 hoc

220 3209 299 3253 vero
323 3188 375 3253 vel
392 3187 466 3252 ideo
490 3188 668 3253 verisimile
693 3209 761 3252 non
784 3188 926 3266 videtur,
944 3189 1035 3274 quod
1053 3189 1223 3254 minorum
1240 3187 1386 3255 deorum

222 3295 422 3380 epiphaniae
458 3317 574 3359 omnes
609 3295 821 3359 Telemachia
855 3302 887 3359 31
921 3296 1111 3361 Phaeacum
1146 3295 1259 3361 labula
1294 3297 1327 3361 h.
1355 3320 1383 3362 3.

218 3402 334 3486 priscis
352 3401 520 3486 Odysseae
536 3401 687 3488 partibus
711 3402 932 3467 continentur.
981 3404 1126 3468 Maxime
1154 3409 1276 3482 autem,
1302 3426 1385 3489 quo-

217 3509 329 3573 minus
365 3508 538 3593 utn'usque
573 3509 703 3593 generis
739 3509 936 3594 epiphanias
971 3511 1191 3587 conferamus
1228 3510 1382 3595 impedit,

218 3615 306 3700 quod
332 3615 384 3680 dei
408 3616 563 3694 minores,
588 3622 625 3679 ut
649 3637 750 3700 supra
784 3615 941 3694 vidimus,
977 3623 1097 3681 natura
1125 3616 1267 3702 praediti
1290 3625 1382 3696 sunt,

217 3743 303 3807 quae
327 3745 347 3787 a
370 3722 440 3787 deis
477 3723 606 3807 superis
640 3723 687 3786 ita
721 3722 841 3800 differt,
879 3731 917 3788 ut
950 3723 1133 3788 admodum
1163 3744 1270 3809 pauca
1293 3724 1384 3789 inter

216 3836 376 3915 utrosque
400 3830 593 3894 communia
617 3830 692 3893 sint.

322 3936 440 4013 Quid?
465 3935 556 4021 quod
590 3936 650 4000 hos
674 3936 772 4015 locos,
807 3958 891 4022 quos
926 3937 1012 4001 inter
1046 3937 1242 4023 epiphanias
1277 3959 1384 4024 supra

215 4049 370 4107 tractatas
394 4043 537 4108 inserere
561 4064 629 4107 non
653 4044 738 4122 lieet,
763 4065 805 4108 113
840 4044 926 4108 111131
949 4065 984 4108 33
1008 4043 1145 4129 quidem
1169 4052 1382 4130 comparatos

216 4150 312 4214 certis
336 4149 541 4234 temporibus
565 4148 751 4214 adscribere
783 4171 972 4235 possumus.
1021 4150 1106 4215 Sunt
1129 4151 1220 4215 enim
1243 4150 1296 4215 (131
1320 4153 1381 4218 mi-

216 4278 313 4320 nores
338 4257 374 4319 in
399 4255 556 4320 omnibus
581 4257 769 4341 epiphaniis
793 4264 861 4321 tam
886 4256 1105 4342 aequabiliter
1139 4256 1327 4343 depicti-
1354 4261 1382 4325 si

215 4362 400 4440 varietates
425 4363 570 4447 quaein
605 4363 767 4448 cuiusque
803 4364 866 4428 loci
890 4364 982 4430 vario
1018 4371 1215 4448 argumento
1249 4365 1381 4450 positae

215 4476 302 4543 sunt,
328 4477 365 4535 ut
399 4492 460 4557 par
483 4477 541 4548 est,
578 4471 873 4556 praetermittimus
908 4509 951 4519 -
975 4478 1012 4539 ut
1046 4470 1263 4551 differentiae,
1288 4494 1379 4558 quae
