3218 5332
657 302 917 372 ...74-

227 499 261 566 di
284 501 327 567 ad
351 501 460 568 Ulixis
491 501 636 568 reditum
667 501 752 567 nihil
774 503 896 582 valent,
920 503 964 580 id,
996 504 1087 590 quod
1110 503 1264 570 Minerva
1289 505 1393 571 victo-

195 676 200 687 ,
226 610 311 674 riam
335 611 529 688 conclamat,
553 631 595 674 ne
619 610 662 674 ad
684 610 781 681 ludos
805 611 942 696 quidem
964 611 1054 696 ipsos
1070 611 1210 678 alicuius
1226 614 1393 678 momenti

225 725 283 794 θεῖ,
308 740 375 803 quo
399 716 535 796 accedit,
553 718 645 803 quod
668 739 746 783 cum
769 717 884 785 divina
906 719 1099 784 auctoritate
1122 741 1190 783 non
1211 720 1391 801 consentit,

225 825 252 889 si
284 825 338 889 dei
369 825 546 890 hominum
577 826 630 892 vel
661 825 748 891 ludis
779 826 991 890 intercedunt
1021 822 1089 906 (cfr.
1121 826 1197 892 libri
1222 837 1258 892 Ψ
1278 848 1390 893 recen-

224 932 343 997 tissimi
367 955 414 998 vs.
441 933 505 998 383
529 932 599 1020 sq).
641 933 815 998 Praeterea
829 939 946 1018 poetae
962 932 1171 1019 neglegentia
1193 934 1272 999 inde
1288 956 1390 1020 appa-

180 1051 184 1059 ·
224 1045 282 1118 ret,
308 1040 397 1125 quod
421 1041 456 1105 in
480 1046 600 1105 neutra
623 1040 804 1126 epiphania
827 1041 925 1105 dcam
952 1039 1107 1106 accedere
1138 1047 1197 1106 aut
1218 1041 1310 1107 abire
1333 1043 1391 1107 ad-

223 1152 326 1225 notat,
362 1170 430 1233 quo
469 1148 514 1226 fit,
551 1155 587 1213 ut
621 1154 795 1234 tamquam
829 1154 1091 1213 consentaneum
1125 1147 1279 1214 videatur
1312 1170 1390 1214 eam

223 1255 258 1318 in
298 1262 385 1320 terra
422 1263 663 1321 commoratam
702 1254 744 1319 ab
784 1254 892 1321 Ulixis
933 1254 1034 1319 latere
1076 1255 1229 1340 pendere.
1293 1257 1390 1324 Haec

224 1369 336 1426 autern
383 1363 602 1448 neglegentia,
643 1384 729 1448 quae
775 1362 811 1426 in
849 1361 951 1427 lliade
996 1383 1066 1427 non
1103 1363 1280 1428 offensioni
1326 1372 1387 1444 est,

223 1469 280 1534 ubi
327 1470 415 1552 inter¹
459 1476 581 1535 terram
627 1475 660 1535 et
704 1468 888 1555 Olympum
934 1469 1012 1534 satis
1062 1469 1181 1535 detrita
1226 1477 1276 1535 est
1319 1472 1387 1551 via,

222 1598 300 1641 cum
324 1577 426 1663 dique
450 1578 598 1663 deaeque
622 1577 891 1663 frequentissime
914 1577 1000 1641 ultro
1017 1577 1166 1662 citroque
1189 1585 1332 1668 cursant,
1350 1580 1388 1644 in

223 1683 382 1770 Odyssea,
406 1685 464 1750 ubi
496 1685 635 1751 deorum
659 1706 800 1750 numero
829 1684 959 1750 minuto
983 1683 1034 1750 vis
1057 1690 1089 1749 θῖ
1112 1685 1291 1750 auctoritas
1313 1708 1386 1772 per-

179 1849 189 1869 ,
221 1792 327 1857 multo
358 1793 492 1877 gravior
515 1799 573 1871 est,
605 1792 690 1858 bene
720 1791 1018 1858 animadvertenda
1040 1797 1099 1870 θεῖ,
1130 1793 1324 1876 praesertim
1349 1794 1387 1858 in

221 1898 411 1964 Phaeacum
442 1899 566 1978 fabula,
597 1902 695 1986 cujus
726 1899 870 1984 reliquas
901 1898 1097 1984 epiphanias
1127 1899 1276 1964 maxima
1306 1920 1387 1966 cum

198 2005 393 2091 =diligentia
417 2008 564 2092 expictas
588 2008 816 2091 cognovimus.
865 2005 929 2071 Sed
959 2005 1041 2091 quid
1064 2027 1148 2091 opus
1177 2011 1227 2071 θεῖ
1249 2006 1411 2073 verbis?

221 2113 273 2177 Ex
297 2136 344 2193 eo,
370 2114 461 2199 quod
486 2115 656 2181 Minervae
680 2122 712 2180 et
735 2114 913 2179 auctoritas
936 2113 1029 2177 nulla
1052 2119 1084 2178 et
1106 2113 1270 2178 auxilium
1293 2115 1385 2201 inep-

220 2227 293 2285 tum
318 2228 350 2286 et
373 2243 660 2307 supervacaneum
685 2227 742 2299 θεῖ,
767 2221 840 2286 luce
864 2220 984 2286 clarius
1009 2220 1158 2298 efficitur,
1180 2227 1219 2286 ut
1241 2228 1385 2308 utraque

220 2327 295 2392 libri
318 2337 347 2395 θ
370 2329 551 2414 epiphania
574 2329 755 2395 recentiore
779 2334 886 2393 aetate
909 2328 1092 2412 composita
1115 2327 1165 2392 sit.
1214 2362 1217 2370 ·

309 2436 452 2500 Exstant
474 2442 587 2501 autem
610 2436 676 2501 alia
698 2442 906 2521 argumenta,
931 2434 1054 2520 quibus
1084 2435 1301 2501 confirmatur
1322 2437 1386 2503 has

218 2542 416 2627 epiphanias
440 2543 678 2609 recentioribus
706 2542 913 2628 temporibus
937 2563 1008 2607 esse
1031 2542 1234 2608 tribuendas.
1282 2543 1388 2610 Velut

218 2671 266 2715 vs.
291 2649 312 2712 4
343 2649 454 2736 (τοῖσιν
477 2651 508 2719 δ’
533 2649 717 2739 ἡγεμόνευε)
741 2672 808 2715 vox
830 2667 930 2717 τοῖσιν
960 2650 1074 2734 inepta
1105 2654 1169 2728 est;
1200 2671 1282 2714 nam
1304 2672 1385 2716 cum

218 2757 296 2821 solis
320 2756 361 2821 dc
393 2758 491 2823 Ulixe
519 2765 551 2822 et
574 2757 714 2822 Alcinoo
744 2763 863 2842 agatur
893 2755 951 2842 (vs.
978 2758 1007 2820 2.
1032 2758 1061 2820 3.
1088 2756 1128 2843 6),
1162 2757 1190 2821 si
1220 2757 1386 2824 Alcinous

219 2863 447 2948 praecedebat,
478 2886 547 2929 non
578 2864 758 2930 dicendum
791 2870 861 2928 erat
888 2866 1010 2932 ‘vosoro’
1039 2864 1097 2928 sed
1119 2867 1196 2952 ‘rq3’,
1221 2865 1386 2950 quoniam

217 2971 277 3034 uni
304 2971 392 3036 Ulixi
424 2971 593 3056 praeibat3
624 2971 752 3036 accedit
774 2970 896 3049 autern,
922 2971 1013 3057 quod
1037 2971 1115 3036 satis
1146 2971 1244 3056 friget
1266 2973 1384 3052 oratio,

218 3077 245 3142 si
270 3078 345 3164 quis
360 3079 409 3143 'de
433 3079 565 3143 duobus
597 3078 801 3157 hominibus,
825 3079 884 3164 qui
912 3100 982 3143 una
1003 3078 1173 3157 incedunt,
1204 3078 1285 3143 dicit
1307 3079 1385 3145 alte-

218 3206 294 3248 rum
318 3185 412 3250 alteri
435 3185 573 3270 praeire.
598 3223 639 3231 —
664 3208 712 3251 vs
739 3187 756 3249 7
781 3207 862 3252 voce
885 3190 1020 3271 πλησίον
1047 3185 1258 3250 offendimur.
1294 3189 1384 3276 ‘al-p·

217 3295 306 3368 σίον’,
328 3292 419 3376 quod
442 3292 642 3377 plerumque
665 3313 742 3357 cum
767 3292 879 3359 dativo
902 3293 955 3359 vel
978 3293 1132 3378 genetivo
1155 3292 1383 3378 coniungitur,

218 3397 368 3464 absolute
401 3406 531 3486 praeter
554 3400 644 3464 hunc
674 3399 785 3465 locum
808 3400 951 3466 versibb.
976 3406 1006 3463 A
1026 3401 1099 3465 329.
1125 3408 1154 3466 Σ
1174 3400 1248 3464 422.
1274 3428 1293 3469 υ
1320 3401 1383 3466 106

217 3512 407 3591 usurpatur.
455 3507 520 3572 Sed
543 3528 621 3573 curn
644 3507 697 3571 his
720 3509 756 3572 in
780 3508 860 3573 locis
884 3529 900 3572 e
924 3515 1041 3593 poetae
1063 3506 1174 3573 verbis
1203 3507 1383 3573 manifesto

218 3620 387 3698 appareat,
405 3615 486 3699 quid
505 3615 547 3679 ad
564 3637 680 3681 vocem
697 3621 833 3704 πλησίον
850 3615 1076 3701 supplendum
1099 3615 1142 3679 sit
1159 3653 1197 3662 -
1217 3620 1249 3679 et
1264 3635 1384 3680 vocem

217 3724 355 3806 πλησίον
375 3743 512 3807 prorsus
535 3721 685 3787 absolute
709 3723 863 3808 usurpari
887 3744 983 3808 posse
1007 3722 1082 3807 quis
1106 3728 1164 3800 θεῖ,
1181 3721 1240 3807 qui
1263 3724 1382 3808 putet?

218 3866 259 3874 -
277 3828 313 3892 in
336 3851 384 3893 vs.
409 3830 472 3896 37
497 3850 565 3894 non
590 3836 741 3915 epoetae
764 3829 884 3909 verbis,
904 3829 960 3894 sed
985 3829 1190 3894 extrinsecus
1205 3823 1383 3913 ‘cillibam'

217 3935 443 4019 supplendum
467 3943 525 4000 cst.
566 3936 740 4001 Praeterea
763 3937 799 4001 in
823 3936 940 4001 eodem
962 3958 1062 4003 versu
1085 3936 1130 4023 (et
1152 3936 1275 4001 recenti
1291 3964 1310 4004 τ
1327 3936 1383 4024 24)

216 4064 282 4108 vox
306 4045 517 4129 ‘perolxopat'
541 4044 691 4109 absolute
707 4044 742 4108 in
766 4066 831 4109 usu
855 4050 912 4123 θεῖ,
930 4065 1017 4129 quae
1040 4043 1113 4108 aliis
1136 4043 1172 4111 in
1194 4043 1275 4108 locis
1299 4065 1381 4108 sem·

215 4171 275 4234 per
299 4171 376 4214 cum
400 4151 590 4217 accusativo
622 4151 838 4237 coniungitur
866 4151 926 4238 (La
949 4151 1071 4230 Roche‚
1105 4150 1182 4215 Aac.
1213 4172 1267 4235 pg.
1297 4151 1380 4239 119).

216 4297 258 4304 ——
275 4279 323 4323 vs.
351 4258 391 4322 10
415 4279 456 4321 ex
480 4256 563 4322 libro
586 4265 610 4338 β
635 4256 766 4346 (3384)
789 4264 941 4344 receptus
965 4280 1034 4323 non
1057 4257 1141 4323 bene
1165 4257 1200 4321 in
1223 4257 1296 4322 loco
1319 4280 1381 4324 suo

215 4370 361 4445 constat·
386 4364 510 4429 etenim
533 4371 632 4450 poeta
656 4366 735 4430 satis
758 4365 870 4450 inepte
894 4366 993 4430 deam
1016 4364 1165 4448 singulos
1188 4385 1282 4450 reges
1303 4386 1380 4430 eun·

215 4471 292 4536 dem
327 4472 363 4536 in
386 4471 527 4537 modum
554 4493 592 4537 ac
620 4473 750 4538 sicum
781 4472 938 4538 omnibus
969 4471 1155 4538 coniunctis
1177 4472 1380 4557 loqueretur,
