3218 5332
682 309 956 374 -24-·

214 518 284 572 non
319 507 480 572 laborant.
540 505 694 591 Denique
729 506 765 570 in
788 505 899 571 verbis
929 507 1011 592 ipsis
1035 511 1139 571 artem
1164 527 1219 571 eos
1243 506 1382 572 deficere

215 615 408 700 saepissime
443 613 693 699 cognoscimus:
730 634 981 698 saepenumero,
1018 635 1104 698 quae
1136 614 1246 699 priore
1279 614 1382 679 hemi-

216 721 334 786 stichio
358 721 571 806 scripserunt,
596 720 777 805 posteriore
801 720 874 784 aliis
897 720 1008 786 verbis
1032 727 1196 806 repetunt,
1215 742 1290 785 non
1314 743 1382 806 quo
1419 799 1423 807 Ι

215 829 352 913 majoris
377 828 540 892 momenti
562 848 634 892 rem
662 834 817 912 premant
840 834 899 891 aut
921 827 994 892 luce
1019 827 1299 906 circumfundant,
1324 827 1384 892 sed

215 935 296 1020 quia
318 934 442 999 heroici
465 956 582 1000 versus
606 956 664 999 sex
687 933 789 1019 pedes
812 934 923 1000 verbis
947 934 1136 1019 complendi
1160 941 1256 1012 sunt;
1281 934 1385 1000 verba

216 1042 332 1127 priscis
348 1041 556 1127 temporibus
579 1041 701 1105 usitata
718 1062 796 1105 cum
811 1041 896 1105 falsa
916 1041 1158 1126 significatione
1181 1041 1217 1104 in
1233 1041 1383 1126 ipsorum

217 1149 367 1214 carmina
405 1148 591 1234 recipiunt;
630 1169 747 1213 versus
790 1148 935 1225 iteratos
981 1146 1104 1232 quibus
1152 1148 1288 1233 quidem
1334 1148 1384 1212 uti

215 1256 369 1320 omnium
391 1255 649 1320 Homericorum
673 1260 849 1340 poetarum
884 1276 956 1318 mos
981 1260 1038 1333 est,
1080 1277 1182 1340 quam
1222 1255 1385 1340 plurimos

216 1368 391 1448 usurpant,
417 1363 543 1448 quain
567 1384 600 1427 re
625 1361 758 1447 saepius
781 1362 827 1440 fit,
853 1368 899 1440 ut,
924 1382 1002 1426 cum
1017 1383 1143 1439 versus,
1169 1362 1227 1448 qui
1251 1361 1324 1426 aliis
1348 1361 1385 1425 in

217 1470 300 1534 locis
324 1470 408 1534 bene
433 1469 645 1546 collocantur,
680 1468 827 1553 integros
861 1469 1032 1554 recipiant,
1070 1469 1221 1554 ipsorum
1256 1475 1384 1534 senten-

217 1577 341 1641 tiarum
377 1597 575 1662 compagem
609 1575 789 1659 neglegant
822 1573 888 1639 aut
915 1575 1112 1640 disturbent.
1173 1575 1272 1640 Nunc
1306 1598 1387 1641 vero

217 1683 498 1749 verisimillimum
522 1687 580 1761 est,
605 1703 682 1746 cum
706 1681 768 1746 hac
784 1682 904 1746 inertia
927 1704 965 1746 ac
989 1682 1200 1767 neglegentia
1222 1683 1386 1748 artissime

217 1792 438 1876 conjunctum
455 1810 535 1868 esse,
561 1789 588 1853 si
604 1794 721 1874 poetae
746 1788 896 1855 divinam
913 1796 1068 1853 naturam
1093 1790 1163 1854 sine
1187 1791 1309 1874 pietate
1334 1790 1387 1854 de-

217 1898 372 1983 pingunt.
432 1895 522 1972 Quid
558 1897 648 1961 enim
683 1896 829 1971 interest,
866 1901 981 1960 utrum
1016 1903 1123 1981 poeta,
1161 1897 1218 1982 qui
1248 1898 1387 1962 omnino

217 2004 431 2089 neglegenter
464 2024 581 2069 versus
615 2004 795 2089 componit,
830 2003 938 2068 Ulixis
974 2025 1083 2068 mores
1119 2024 1163 2067 an
1196 2025 1308 2069 rerum
1331 2027 1387 2068 na-

218 2118 328 2176 turam
364 2132 408 2175 an
431 2111 589 2195 pietatem
625 2093 911 2174 etauctoritatem
935 2110 1075 2175 deorum
1098 2111 1278 2196 neglegat?
1335 2111 1387 2175 ln-

218 2217 407 2302 tellegimus
424 2217 543 2300 ,igitur
576 2217 684 2301 magis
720 2215 763 2280 ad
797 2223 902 2306 artem
935 2217 1100 2302 poeticam
1124 2239 1228 2303 quam
1251 2218 1294 2282 ad
1317 2218 1389 2282 reli·

217 2325 353 2410 gionem
388 2323 563 2409 pertinere,
600 2323 628 2388 si
660 2329 778 2409 poetae
807 2323 958 2388 divinam
993 2330 1150 2388 naturam
1185 2346 1254 2389 non
1288 2326 1388 2410 respi-

221 2432 322 2496 ciunt.
381 2431 450 2495 Nos
474 2452 563 2509 vero,
603 2430 685 2516 quid
720 2436 837 2516 poetae
873 2451 907 2495 re
940 2453 1020 2496 vera
1043 2431 1084 2495 de
1115 2430 1185 2496 deis
1214 2431 1389 2509 senserint,

136 2620 141 2631 ⁸
222 2538 300 2604 solis
324 2538 434 2602 exeis
457 2538 537 2602 locis
561 2537 804 2622 cognoscimus
838 2538 897 2623 qui
932 2544 1086 2602 accurata
1117 2560 1195 2603 cum
1218 2538 1392 2623 diligentia
1486 2610 1488 2616 ¹

223 2631 344 2730 expicti
391 2650 486 2722 sunt;
534 2644 580 2708 eis
625 2650 739 2708 autem
785 2644 826 2709 de
872 2645 1071 2730 epiphaniis
1119 2666 1205 2731 quae
1251 2644 1391 2710 omnino

222 2752 436 2837 neglegent-er
473 2756 652 2843 conceptae
687 2756 775 2829 sunt,
816 2750 993 2836 dijudicari
1028 2773 1097 2816 non
1129 2758 1247 2836 potest,
1287 2773 1391 2838 quan·

223 2865 296 2924 tum
342 2863 459 2943 poetae
504 2857 661 2936 inertiae,
708 2864 874 2943 quantum
920 2858 992 2922 eius
1037 2858 1198 2943 impietat'
1246 2858 1392 2923 tribuen·
1483 2891 1493 2908 ·

226 2964 309 3029 dum
332 2965 382 3029 sit.
738 2978 743 2989 ·

312 3072 386 3136 Iam
408 3093 487 3137 vero
511 3070 622 3136 denuo
646 3071 849 3156 quaerimus,
885 3093 969 3135 num
1006 3092 1047 3136 ex
1070 3094 1118 3152 ec,
1154 3072 1246 3158 quod
1276 3079 1392 3158 poetas

225 3201 279 3243 ars
304 3184 335 3243 et
359 3178 535 3263 ingenium
557 3178 664 3263 magis
680 3178 856 3269 magisque
879 3178 998 3256 deficit,
1023 3186 1135 3244 nostro
1158 3181 1233 3266 jure
1256 3180 1297 3244 de
1321 3181 1393 3244 uni-

228 3285 432 3370 uscuiusque
456 3285 519 3349 loci
542 3290 648 3350 aetate
672 3285 718 3349 ita
734 3285 907 3370 ‘judicium
929 3286 1101 3364 iaciamus
1127 3293 1164 3351 nt
1188 3287 1276 3351 locos
1307 3285 1393 3353 bene

228 3393 375 3477 expictos
399 3391 525 3476 priscis
550 3392 764 3476 neglegenter
787 3391 969 3476 descriptos
993 3393 1231 3458 recentioribus
1267 3401 1393 3483 tempo·

227 3498 319 3564 ribus
342 3497 539 3563 tribuamus
597 3499 663 3567 Hic
695 3505 808 3575 autem
831 3500 980 3584 primum
1010 3500 1257 3566 animadvertas
1280 3523 1393 3565 rerum
1461 3479 1466 3488 Ι

227 3612 383 3671 naturam
406 3607 516 3683 ferre·
537 3612 575 3670 ut
608 3627 742 3670 summa
771 3628 824 3671 ars
859 3606 984 3671 sensim
1015 3613 1046 3671 et
1069 3607 1275 3693 pedetentim
1298 3608 1392 3673 colla-

228 3713 336 3792 batur,
360 3712 466 3777 donec
489 3734 549 3797 per
570 3715 700 3797 majora
735 3719 793 3809 aut
814 3714 959 3778 ‚minora
992 3720 1183 3800 temporum
1217 3716 1325 3801 spatia
1356 3716 1393 3780 in

210 3821 383 3885 *inertiam
407 3841 478 3885 sese
501 3826 681 3885 convertat.
739 3820 834 3885 ldem
869 3821 905 3885 in
929 3821 1133 3886 Graecorum
1167 3830 1237 3887 arte
1265 3823 1392 3888 drama-

229 3928 295 3992 tica
317 3926 359 3991 ab
383 3921 548 4011 Aeschylo
584 3949 689 4011 usque
724 3927 767 3992 ad
790 3928 1005 4014 Licymnium
1038 3929 1218 4008 invenitur,
1254 3930 1289 3994 in
1323 3937 1393 3995 arte

230 4033 333 4120 lyrica
349 4033 409 4123 ⁸ab
432 4033 554 4098 Alcaeo
589 4055 696 4118 usque
727 4034 771 4099 ad
794 4035 932 4099 Critiam
956 4041 988 4099 et
1012 4035 1187 4101 Simmiam
1210 4036 1392 4114 Rhodium,

230 4141 320 4206 idem
343 4140 378 4204 in
402 4140 555 4230 omnium
577 4141 730 4225 gentium
753 4140 909 4206 omnibus
934 4142 1069 4207 artibus.
1129 4143 1192 4207 Sed
1227 4143 1309 4228 quid
1332 4165 1393 4229 ego

231 4249 313 4313 alias
336 4253 423 4312 artes
447 4253 480 4311 et
501 4248 639 4332 gentes?
675 4288 716 4296 -
751 4249 836 4313 Rom
860 4249 907 4313 ita
931 4271 965 4314 se
988 4249 1111 4314 habero
1135 4272 1176 4315 ex
1199 4251 1273 4335 ipsa
1296 4251 1393 4316 Grae-

232 4376 347 4421 corum
371 4354 465 4440 epica
487 4355 579 4440 poesi
602 4355 779 4420 manifesto
802 4355 1046 4441 comprobatur.
1105 4358 1165 4421 Est
1200 4358 1290 4422 enim
1320 4358 1394 4423 luce

233 4462 353 4528 clarius
377 4483 397 4526 a
419 4461 536 4547 priscis
559 4461 672 4527 Iliadis
696 4469 728 4527 et
751 4461 920 4549 Odysseae
954 4462 1046 4528 libris
1081 4486 1188 4550 usque
1219 4464 1270 4534 ad
1286 4486 1393 4531 recen-
