3218 5332
625 367 670 380 ,
715 329 846 397 69·-

159 523 409 610 quodammodo
442 526 614 591 fortuitam
648 548 823 594 recurrere.
875 527 921 593 At
949 550 997 596 νε.
1023 560 1039 596 0
1061 529 1105 596 40
1134 529 1208 615 ipsa
1230 530 1320 596 Tele·

38 632 40 637 ⁸
157 632 317 697 machum
338 632 434 719 jubet
462 634 565 698 istum
588 634 631 699 ad
653 634 844 720 Penelopen
872 634 1052 702 dimitterel
1077 677 1119 686 —
1144 637 1319 717 Confiteor,

159 738 217 803 sed
241 760 319 805 cum
341 762 390 806 νε.
416 769 431 806 o
458 740 563 804 1-43
587 747 664 826 post
685 764 733 808 νε.
758 770 785 809 π
811 743 960 808 155-77
985 743 1223 809 recentioribus
1241 750 1319 809 tem-

157 845 296 931 poribus
319 847 495 932 compositi
522 847 598 927 sint,
623 848 714 933 quod
738 849 826 914 inira
855 849 1159 915 demonstrabimus
1182 847 1251 936 (pg.
1279 852 1319 917 76

157 951 228 1039 sq),
253 975 300 1020 νε.
325 953 369 1018 40
397 954 583 1037 secundum
615 975 662 1033 ea,
694 977 781 1041 quae
812 977 859 1022 νε.
894 983 921 1024 π
953 956 1015 1022 150
1039 978 1086 1042 sq.
1118 958 1213 1036 fiunt,
1245 979 1319 1022 con·

157 1066 273 1145 ceptus
286 1066 344 1126 est.
377 1061 580 1137 Quinetiam
594 1061 621 1127 si
636 1083 753 1128 versus
770 1084 789 1127 o
801 1062 876 1127 libri
889 1069 966 1128 ante
978 1063 1193 1149 epiphaniam
1206 1091 1233 1132 π
1244 1064 1319 1129 libri

155 1167 330 1252 compositi
361 1172 479 1244 essent,
504 1166 607 1253 hujus
636 1173 752 1252 poetae
776 1168 895 1233 inertia
924 1190 993 1234 non
1025 1169 1233 1235 minueretur
1254 1171 1320 1236 nisi

155 1274 218 1338 hoc
248 1295 327 1353 uno,
353 1273 444 1359 quod
473 1279 547 1338 turn
576 1295 645 1339 non
676 1281 774 1359 poeta
804 1275 863 1340 sed
886 1275 1038 1342 Minerva
1066 1276 1140 1361 ipsa
1171 1291 1243 1342 rem
1273 1278 1320 1342 ita

156 1380 377 1459 instruxisset,
413 1387 451 1445 ut
485 1381 557 1459 sibi,
591 1381 673 1446 dum
704 1382 874 1446 Eumaeus
908 1381 1022 1461 abiret,
1057 1385 1319 1469 exspectandum

156 1493 250 1553 esset.
297 1487 427 1552 Deinde
449 1509 497 1554 vs.
526 1489 587 1552 177
611 1488 926 1553 commemoratione
950 1489 1072 1574 dignus
1096 1497 1154 1569 est,
1179 1491 1237 1556 ubi
1261 1493 1318 1556 Mi·

155 1616 269 1671 nerva,
293 1600 474 1681 postquam
497 1595 632 1660 Ulixem
655 1596 691 1660 in
713 1595 880 1680 integram
902 1597 1046 1661 formam
1070 1598 1260 1663 restitutum
1276 1597 1318 1664 ad

155 1702 262 1767 filiurn
286 1701 421 1780 dimisit,
438 1699 635 1777 collevator,
656 1702 687 1767 h.
706 1724 733 1767 e.
759 1703 908 1782 secessit;
933 1725 1052 1769 verum
1075 1704 1118 1768 ad
1135 1704 1318 1791 Olympum

155 1831 224 1875 non
247 1809 353 1887 rediit,
378 1809 539 1895 quoniam
562 1831 610 1876 νε.
628 1809 693 1875 455
717 1810 827 1874 denuo
851 1810 953 1889 adest,
978 1833 1045 1896 quo
1058 1796 1205 1892 accedit,
1227 1813 1319 1899 quod

154 1916 191 1981 in
214 1922 356 2003 utroque
378 1937 478 1982 versu
502 1915 544 1981 de
568 1915 712 2002 Olympo
743 1916 847 1982 verba
869 1939 938 1982 non
961 1917 1054 2000 fiunt.
1102 1918 1195 1983 Nihil
1217 1920 1320 2005 igitur

156 2024 366 2110 relinquitur,
384 2023 449 2087 nisi
471 2029 511 2088 ut
525 2023 678 2090 Minerva
700 2024 736 2088 in
752 2030 839 2089 terra
861 2025 950 2089 iners
967 2032 1171 2090 commorata
1188 2048 1318 2112 exspec-

154 2131 283 2210 taverit,
309 2131 391 2196 dum
414 2131 564 2195 Eumaeo
587 2130 746 2196 redeunte
770 2131 905 2197 Ulixem
933 2132 1042 2197 denuo
1066 2133 1102 2196 in
1125 2133 1318 2199 mendicum

156 2243 384 2304 commutaret.
432 2238 569 2303 Poetam
591 2259 680 2316 vero,
704 2238 764 2323 qui
794 2260 865 2303 rem
891 2238 939 2303 ita
969 2240 1136 2318 instruxit,
1168 2239 1318 2306 divinam

155 2346 353 2432 dignitatem
381 2367 450 2411 non
473 2346 552 2410 satis
576 2346 760 2431 respexisse
783 2367 882 2410 nemo
905 2345 1049 2431 negabit.
1097 2347 1137 2411 In
1166 2347 1319 2413 versibus

154 2483 180 2521 π
203 2453 358 2518 454-59
381 2459 504 2530 autem,
529 2451 587 2516 ubi
617 2451 754 2517 alteram
783 2453 1079 2518 commutationem
1109 2453 1172 2518 sibi
1201 2455 1318 2540 paucis

152 2560 264 2627 verbis
296 2560 405 2626 solum
437 2557 706 2623 adumbrandam
735 2581 807 2624 esse
830 2565 917 2625 recte
944 2559 1116 2638 intellexit,
1149 2560 1247 2625 deam
1276 2561 1318 2627 de

154 2673 242 2732 terra
272 2665 496 2735 discedentem
527 2665 581 2731 vel
603 2665 639 2729 in
663 2665 847 2752 Olympum
870 2666 1066 2731 redeuntem
1087 2668 1195 2732 facere
1218 2668 1317 2753 plane

153 2774 276 2839 oblitus
306 2779 364 2839 est.
420 2773 509 2837 Tum
539 2773 631 2859 quod
660 2773 813 2839 Minerva
843 2794 913 2839 sese
944 2772 1126 2838 dimicandi
1159 2774 1317 2860 cupidam

152 2882 326 2967 profitetur
349 2880 447 2969 (171),
472 2884 541 2944 non
564 2901 641 2945 cum
665 2880 780 2947 divina
811 2887 941 2959 natura,
975 2901 1062 2966 quae
1093 2881 1210 2966 priscis
1237 2887 1316 2946 tem·

157 2988 296 3076 poribus
319 2987 520 3073 depingitur,
545 2988 718 3053 consentit.
766 2988 829 3053 Dei
851 2987 951 3065 enim,
976 3008 1061 3072 quos
1075 3008 1162 3052 cum
1177 2988 1317 3053 homini-

152 3097 216 3162 bus
240 3095 429 3161 comminus
445 3095 515 3159 fieri
532 3094 677 3172 dedecet,
694 3095 729 3158 in
747 3094 850 3159 Iliade
865 3093 1036 3159 nonnullis
1059 3094 1139 3160 locis
1155 3094 1317 3160 librorum

74 3229 75 3232 ¹
153 3211 184 3268 E
199 3209 240 3281 et
264 3210 296 3267 11
317 3201 501 3267 admodum
531 3201 719 3267 recentibus
750 3201 896 3286 exceptis
924 3223 992 3266 non
1015 3201 1081 3266 nisi
1111 3202 1316 3268 exhortando

152 3311 330 3398 hominum
353 3309 487 3395 proeliis
511 3331 545 3374 se
569 3309 763 3387 admiscent,
788 3309 869 3374 item
891 3309 927 3373 in
944 3308 1103 3394 Odyssea,
1129 3314 1168 3373 ut
1190 3310 1240 3374 ias
1257 3316 1315 3389 est,

152 3425 268 3484 contra
290 3438 408 3503 procos
430 3439 499 3481 non
522 3423 684 3501 pugnant.
731 3416 885 3501 Denique
909 3422 1025 3500 poetae
1049 3415 1257 3500 diligentiam
1280 3417 1315 3481 in

152 3548 191 3591 eo
226 3524 463 3602 desideramus
496 3523 587 3609 quod
619 3523 772 3589 Minerva
802 3523 895 3588 Ulixi
929 3530 1030 3613 φᾶρος
1063 3522 1222 3601 edulcare
1257 3526 1316 3610 ἠδὲ

151 3639 275 3719 χιτῶνα
298 3631 409 3695 induit
433 3628 529 3716 (173),
555 3651 640 3716 quae
664 3628 754 3694 unde
778 3629 966 3714 sumpserit,
990 3651 1059 3693 non
1083 3628 1196 3714 liquet.

241 3739 280 3802 ln
297 3737 493 3804 universum
516 3737 626 3822 igitur,
646 3741 684 3801 ut
706 3736 742 3800 in
758 3735 805 3815 22²,
823 3736 905 3802 vitia
921 3757 959 3800 ac
975 3735 1099 3812 laudes,
1118 3741 1316 3821 argumenta

151 3847 280 3932 priscae
304 3851 336 3910 et
358 3844 549 3910 recentioris
573 3844 689 3909 aetatis
713 3843 894 3909 commixta
916 3842 1144 3908 inveniuntur.
1185 3843 1318 3908 Utram÷

153 3975 219 4040 que
242 3952 344 4038 igitur
367 3952 593 4037 epiphaniam,
618 3950 677 4016 ubi
700 3957 732 4016 et
753 3950 905 4016 Minerva
928 3950 1045 4014 eadem
1067 3950 1176 4014 torma
1197 3950 1316 4014 induta

151 4065 291 4146 apparet
306 4065 339 4125 et
353 4080 405 4127 res
422 4058 555 4125 divinae
572 4059 688 4124 eodem
704 4057 804 4122 modo
821 4058 1011 4122 sentiuntur
1023 4062 1056 4120 et
1071 4056 1313 4136 describuntur,

151 4166 316 4253 equibus
348 4170 518 4252 praeterea
547 4166 650 4230 altera
679 4165 827 4244 alteram,
852 4165 980 4250 inqua
1012 4163 1138 4239 nititur,
1171 4164 1313 4249 respicit,

151 4283 330 4359 utramque
353 4273 470 4338 eadem
493 4278 599 4338 aetate
623 4271 665 4337 ab
688 4272 806 4337 eodem
836 4277 935 4357 poeta
957 4277 1152 4356 conceptam
1183 4276 1314 4335 conten-

152 4381 272 4447 dimus.
313 4380 411 4457 Ouod
428 4380 472 4445 ad
494 4378 782 4465 comprobandum
798 4378 887 4444 bona
901 4378 1036 4442 fortuna
1057 4399 1109 4442 res
1125 4376 1216 4441 haud
1231 4377 1314 4442 levis
1370 4462 1373 4470 Ι

151 4489 312 4555 momenti
336 4485 471 4553 accedit.
519 4486 673 4573 Namque
698 4485 815 4552 eodem
838 4483 948 4562 modo,
973 4484 1097 4570 quoin
1126 4483 1314 4569 epiphaniis
