3218 5332
768 952 856 1056 Cap
889 954 909 1035 t
935 953 1017 1035 III.

405 1167 505 1242 Quod
528 1175 706 1253 postquam
731 1168 772 1232 dc
796 1166 963 1245 versibus,¹
982 1167 1039 1232 ubi
1064 1168 1345 1234 deioommutatis
1361 1169 1483 1234 formis

315 1280 486 1359 apparent,
511 1275 614 1339 verba
636 1276 785 1352 lecimus,
817 1275 860 1339 ad
884 1298 939 1340 cos
963 1275 1051 1341 locos
1074 1281 1293 1356 transeamus
1329 1276 1388 1341 ubi
1426 1276 1482 1342 dei

315 1403 383 1445 non
407 1383 602 1446 commutati
625 1404 702 1447 curn
725 1382 918 1447 hominibus
941 1383 1183 1469 colloquuntur.
1232 1385 1307 1449 Non
1331 1406 1482 1449 commu·

315 1488 374 1552 tati
399 1495 512 1553 autem
536 1489 634 1555 rebus
658 1511 692 1554 se
715 1490 901 1554 admiscent
924 1497 957 1554 et
972 1490 1124 1556 Minerva
1146 1490 1301 1568 (versibb.
1327 1521 1344 1558 o
1370 1491 1480 1556 1-43

315 1601 347 1659 et
371 1617 391 1662 σ
415 1596 575 1684 190-97)
599 1603 629 1661 et
654 1597 706 1661 dei
730 1597 875 1662 minores
899 1597 958 1681 qui
980 1603 1152 1662 vocantur.

844 1935 866 2022 a
891 1937 941 2001 19.

402 2137 450 2180 vs.
483 2145 499 2182 o
527 2114 641 2178 1-43.
699 2115 851 2180 Minerva
885 2115 1007 2200 Pylum
1046 2115 1193 2198 profecta
1226 2115 1479 2196 Telemachum,

315 2243 461 2306 quocum
484 2228 585 2285 noctu
610 2222 832 2306 congreditur,
856 2221 996 2286 domum
1019 2221 1125 2286 redire
1148 2221 1250 2307 jubet.

404 2347 450 2411 Ut
473 2368 575 2431 supra
598 2368 756 2432 quaerere
777 2345 976 2424 solebamus
999 2345 1202 2431 quibusnam
1226 2346 1267 2412 de
1290 2348 1401 2414 causis
1425 2349 1480 2415 dei

314 2460 419 2518 certas
440 2454 564 2518 formas
580 2453 777 2532 induissent,
802 2454 849 2518 ita
871 2455 906 2517 in
930 2453 1079 2518 hocloco
1096 2453 1261 2538 imprimis
1277 2475 1479 2540 cognoscere

312 2560 458 2639 interest,
483 2581 542 2625 cur
565 2561 718 2626 Minerva
740 2583 809 2625 non
830 2566 1034 2625 commutata
1050 2560 1249 2625 Telemacho
1272 2563 1476 2646 apparuerit.

312 2667 425 2731 Potest
459 2673 581 2746 autern,
618 2675 656 2732 ut
689 2668 833 2732 alienam
868 2669 1011 2732 formam
1046 2689 1115 2731 non
1145 2667 1306 2746 indueret,
1343 2669 1415 2733 sola
1438 2692 1479 2735 ea

311 2796 412 2839 causa
435 2781 585 2859 permota
609 2797 689 2854 esse,
714 2774 806 2860 quod
821 2775 969 2860 putabat,
987 2774 1235 2853 Telemachum,
1260 2775 1288 2840 si
1312 2775 1478 2857 divinitus

311 2881 456 2946 reditum
480 2882 543 2946 sibi
568 2904 637 2947 esse
661 2883 863 2968 imperatum
886 2882 1036 2958 nesciret,
1070 2881 1157 2947 dicto
1190 2881 1382 2947 audientem
1405 2906 1478 2948 non

311 2989 465 3052 futurum
500 3010 580 3054 esse.
638 2990 732 3054 Haec
766 3011 844 3054 vero
879 3010 981 3054 causa
1014 2988 1107 3052 nulla
1135 2995 1192 3067 est,
1228 3010 1306 3054 cum
1329 2995 1361 3054 et
1383 2991 1477 3057 Tele-

310 3095 450 3160 machus
478 3097 549 3181 ipse
573 3095 622 3183 (β)
657 3103 689 3161 ct
711 3097 878 3161 Nausicaa
907 3095 947 3182 (ζ)
984 3102 1016 3161 et
1040 3095 1155 3161 Ulixes
1180 3094 1222 3184 (η)
1258 3095 1339 3162 deae
1372 3099 1477 3164 etiam

294 3202 499 3287 'incognitae
523 3202 671 3268 obsecuti
695 3205 769 3268 sint.
806 3205 858 3267 Ex
881 3203 984 3268 altera
1007 3210 1100 3288 parte
1116 3203 1345 3282 Telemachus
1370 3227 1477 3290 quern

310 3330 352 3374 ex
374 3309 467 3374 libris
491 3337 577 3394 c—-y
600 3311 828 3395 cognovimus,
854 3332 922 3375 non
945 3311 973 3375 is
998 3318 1076 3389 erat,
1107 3311 1166 3397 qui
1189 3310 1329 3375 domum
1352 3315 1477 3380 reverti

309 3418 422 3501 jussus
446 3418 536 3503 apud
560 3418 750 3483 Menelaum
784 3423 907 3483 temere
943 3440 1072 3483 moram
1096 3418 1357 3503 interposuisset,
1394 3442 1476 3505 quo-

310 3523 402 3590 niam
424 3525 478 3589 vel
501 3525 537 3589 in
553 3525 636 3590 libro
661 3524 781 3612 olnae)
804 3526 1079 3611 pronuntiaverat
1096 3547 1167 3590 sese
1179 3546 1287 3611 ‚quam
1302 3525 1476 3594 celerrime

213 3662 215 3666 ⁴
310 3630 495 3695 rediturum
519 3653 598 3696 esse.
632 3632 781 3718 Apparet
804 3633 906 3717 igitur
929 3633 1000 3697 sine
1024 3639 1112 3697 certo
1129 3632 1267 3709 consilio
1283 3633 1475 3700 Minervam

309 3758 378 3801 non
413 3745 618 3803 commutata
652 3740 759 3824 ligura
794 3760 870 3804 cum
907 3740 1105 3805 Telemacho
1145 3739 1310 3825 congredi.
1373 3741 1475 3807 Nunc

309 3866 387 3910 vero
423 3846 539 3930 priscis
575 3845 781 3931 temporibus
814 3845 867 3911 dci
902 3869 1034 3932 semper
1068 3847 1262 3912 commutati
1298 3855 1472 3933 apparent.¹

309 3958 350 4027 et,
387 3952 451 4016 nisi
486 3953 703 4031 discedentes,
740 3975 808 4018 non
838 3960 1102 4039 cognoscuntur;
1137 3953 1250 4019 media
1283 3959 1389 4019 aetate
1412 3956 1474 4020 Mi-

308 4081 412 4123 nerva
435 4060 567 4143 cognita
590 4081 667 4124 cum
691 4061 789 4126 Ulixe
813 4061 1021 4145 colloquitur,
1058 4061 1116 4125 sed
1138 4067 1246 4146 poeta,
1280 4083 1356 4125 cum
1380 4061 1473 4127 Tele·

308 4166 465 4230 machum
491 4166 588 4230 deam
612 4188 680 4230 non
704 4167 944 4252 adspicientem
968 4168 1056 4245 lacit,
1092 4167 1214 4252 apertis
1237 4167 1348 4232 verbis
1380 4167 1471 4249 dicit,

307 4273 511 4337 immortales
536 4273 612 4338 solis
636 4274 844 4359 principibus
868 4275 948 4340 viris
971 4297 1040 4339 non
1064 4280 1285 4339 commutatos
1308 4296 1472 4360 apparere

308 4379 349 4465 (a
376 4379 456 4467 161).
491 4382 566 4456 Qua
590 4403 630 4445 ex
653 4403 688 4445 re
708 4381 911 4471 intellegitur
932 4404 1000 4446 non
1025 4382 1133 4447 solum
1155 4381 1265 4466 prisca
1288 4381 1346 4446 sed
1369 4381 1471 4448 etiarn

307 4486 417 4551 media
451 4493 557 4552 aetate
592 4486 731 4552 deorum
766 4509 843 4552 cum
878 4487 1071 4554 hominibus
1106 4487 1345 4554 commercium
1376 4488 1472 4555 haud
