3218 5332
635 1175 976 1320 argument-nm.

220 1521 310 1589 Oaput
323 1522 347 1576 I.
378 1521 539 1590 Epiphaniis
558 1542 584 1591 a,
615 1527 660 1592 βγ,
690 1541 711 1572 ω
738 1520 898 1588 comparatis
931 1519 1106 1576 menifestum
1135 1521 1167 1575 fit
1190 1523 1263 1576 haud
1306 1449 1343 1502 pg

379 1624 478 1678 paucas
488 1611 655 1666 differentias
665 1611 738 1664 inter
750 1610 916 1665 diversorum
928 1616 1078 1677 temporum
1097 1626 1140 1665 res
1155 1610 1261 1683 divinas

378 1695 545 1754 intercedere
550 1744 1255 1758 .......................................
1300 1705 1385 1754 1-26

298 1790 316 1856 ξ
344 1793 368 1847 1.
398 1788 554 1858 Postquam,
583 1805 651 1856 quae
675 1789 835 1844 scholiastae
868 1789 903 1842 ed
930 1788 1027 1842 Iliadis
1064 1794 1092 1844 et
1120 1789 1257 1856 Odysseae

396 1878 769 1946 epiphaniesadnotaverrmt,
795 1877 979 1945 congessimus
996 1877 1141 1945 paucisque
1162 1879 1259 1949 verbis,

396 1968 525 2034 quomodo
536 1966 579 2022 his
591 1967 756 2036 temporibus
770 1966 822 2021 viri
835 1966 906 2021 docti
925 1966 955 2020 in
966 1966 1080 2021 Homeri
1094 1983 1136 2021 res
1154 1967 1262 2022 divinas

395 2055 595 2126 inquisiverint,
614 2055 833 2112 adumbravimus
836 2099 1249 2125 ........................
1294 2063 1303 2110 l
1328 2075 1367 2125 sq.

298 2143 325 2216 ἐξ
343 2150 368 2199 2.
396 2160 440 2199 cos
457 2145 594 2212 Odysseae
605 2146 684 2214 locos,
703 2144 803 2199 ubidei
823 2161 883 2199 cum
902 2144 1055 2200 hominibus
1073 2146 1261 2199 commercium

396 2232 1263 2302 faciunt,—quosedHomericarminumcompositionemintelle·

395 2322 1262 2392 gendammaximeidoneosessecognoscimus-enumeremus...
1305 2330 1373 2392 dsq.

298 2412 315 2480 ξ
344 2417 368 2466 3.
396 2411 475 2481 Tum,
493 2412 540 2468 ubi
555 2412 727 2481 epiphaniam
746 2412 854 2481 alonge
873 2419 991 2479 tempore
1011 2419 1071 2479 post
1089 2412 1260 2480 epiphaniam

394 2507 432 2570 βγ
450 2509 605 2570 conceptam
624 2517 682 2556 esse
695 2501 895 2569 comprobatum
915 2500 1045 2570 videmus,
1071 2547 1254 2559 ...........
1297 2508 1313 2556 8

298 2590 318 2657 ξ,
343 2595 368 2648 4.
395 2590 1097 2659 utramquelveroadmodumpaucisdifferentiisideo
1112 2591 1261 2646 seiunctam

396 2695 452 2734 esse
471 2680 664 2749 cognoscimus,
686 2680 756 2746 quod
775 2680 861 2733 altera
879 2679 958 2734 elteri
978 2679 1125 2734 imitationi
1144 2681 1217 2746 fuit.
1231 2728 1253 2738 ..
1296 2686 1312 2735 8
1332 2698 1371 2749 sq.

298 2769 316 2836 ξ
344 2773 368 2822 5.
397 2770 432 2822 ad
450 2769 622 2837 epiphaniam
641 2789 662 2820 ω
681 2786 728 2824 nos
748 2768 937 2838 convertimus,
966 2785 1034 2836 quae
1062 2770 1155 2824 eadem
1174 2762 1260 2824 recen·

396 2858 509 2913 tissimis
527 2858 692 2925 temporibus
706 2857 852 2925 composita
871 2863 913 2912 est
915 2899 1254 2916 ....................
1281 2865 1311 2914 11
1333 2877 1372 2927 sq.

298 2947 315 3014 ξ
346 2953 373 3015 6.,
399 2948 462 3001 Hac
480 2954 571 3002 autem
591 2947 734 3014 epiphania
753 2963 813 3001 cum
833 2946 910 3001 libris
928 2954 966 3016 βγ
984 2955 1138 3014 comparata
1156 2948 1259 3003 intelle·

395 3037 479 3106 gitur,
497 3041 567 3092 satis
576 3037 675 3091 multas
687 3043 715 3090 et
733 3052 830 3106 graves
850 3036 1018 3090 differentias
1032 3037 1104 3092 inter
1116 3036 1259 3105 utriusque

303 3138 306 3143 ·
394 3125 446 3180 loci
471 3141 514 3181 res
542 3124 648 3180 divinas
671 3125 837 3195 intercedere
838 3169 1252 3195 ........................
1280 3132 1311 3182 13
1331 3144 1370 3198 sq.

297 3216 314 3285 ξ
343 3216 367 3273 7.
396 3214 461 3282 quin
480 3215 562 3269 etiam
573 3220 685 3282 apparet
697 3213 855 3283 epiphanias
874 3235 891 3266 a
902 3221 929 3269 et
947 3220 984 3285 βγ
1006 3216 1137 3271 derebus
1156 3215 1257 3271 divinis

395 3305 510 3374 saepius,
531 3320 611 3371 quam
631 3320 711 3372 supra
737 3303 919 3372 cognovimus,
948 3304 1091 3359 dissentire
1093 3347 1253 3363 ..........
1281 3311 1313 3361 18
1332 3323 1371 3375 sq.

297 3395 315 3461 ξ
342 3398 367 3448 8.
395 3393 469 3449 Istas
488 3409 551 3448 vero
570 3393 738 3448 differentias
756 3393 816 3447 ideo
835 3394 870 3447 ad
888 3393 1095 3449 Homericorum
1110 3394 1258 3450 carminum

395 3481 613 3551 compositionem
634 3483 844 3552 cognoscendam
862 3482 989 3538 adhibere
1007 3483 1079 3553 iicet,
1108 3485 1179 3551 quod
1206 3501 1269 3539 non

395 3588 443 3639 per
463 3577 680 3633 casumexortae.
704 3571 788 3628 sedin
807 3571 973 3626 diversorum
991 3577 1140 3641 temporum
1155 3573 1258 3629 ratione

395 3667 423 3716 et
441 3668 500 3716 arta
518 3660 622 3729 positae
646 3666 710 3717 sunt
711 3703 1251 3720 ...............................
1277 3669 1308 3717 21
1330 3680 1369 3732 sq.

217 3751 307 3819 Oaput
319 3750 360 3805 II.
375 3750 444 3806 Oum
463 3750 638 3820 differentias,
658 3766 725 3817 ques
744 3749 829 3819 primo
842 3750 930 3819 capite
940 3749 1101 3821 invenimus,
1120 3753 1155 3805 ad
1168 3751 1257 3822 singu·
1289 3811 1291 3818 ,

376 3841 464 3895 iarum
474 3839 612 3907 Odysseae
632 3838 836 3907 epiphaniarum
846 3845 950 3894 aetates
963 3839 1165 3895 constituendas
1184 3842 1258 3895 adhi-

377 3930 478 4000 bemus,
496 3929 595 3997 primos
606 3944 649 3984 eos
668 3929 739 3983 locos
748 3931 952 4000 perlustramus,
973 3929 1020 3983 ubi
1038 3930 1082 3984 dei
1101 3931 1258 3986 commutati
1454 4001 1458 4011 Ι

378 4034 439 4073 cum
457 4017 610 4072 hominibus
629 4017 816 4073 commercium
838 4017 944 4073 iaciunt
945 4061 1252 4076 ..................
1278 4025 1382 4076 aet-75

297 4108 315 4175 ἓ
343 4112 368 4166 9.
386 4107 534 4175 Postquam
544 4107 682 4162 iudicandi
690 4113 776 4177 notas,
787 4107 909 4174 equibus
922 4109 955 4162 de
966 4107 1132 4178 singulorum
1141 4110 1257 4164 locorum

395 4197 559 4265 temporibus
578 4196 709 4251 iudicium
728 4195 852 4266 iacimus,
879 4197 999 4252 breviter
1020 4197 1215 4268 repetivimus,¹
1229 4245 1251 4255 ..
1278 4205 1311 4253 26
1330 4216 1370 4267 sq.

296 4287 367 4354 §lu
394 4285 510 4354 primum
529 4302 573 4340 eos
591 4286 662 4341 locos
681 4286 883 4356 perlustramus,
912 4287 959 4340 ubi
979 4286 1023 4340 dei
1043 4287 1189 4357 hominum,
1212 4288 1258 4355 qui

394 4374 1257 4447 nominatimappellantur,iormasinduunt,b.e.vsy205-240,

395 4464 441 4520 ubi
460 4464 587 4520 Minerva.
605 4463 739 4520 Mentoris
758 4464 845 4519 forma
864 4465 961 4520 induta
975 4472 1107 4536 apparet,
1120 4512 1141 4522 ..
1157 4511 1252 4523 ......
1279 4469 1311 4521 27
1331 4483 1370 4537 sq.
