3218 5332
695 315 828 409 ..34
874 353 917 369 ..

218 513 370 582 minavit.
430 513 496 580 Sed
532 506 661 593 causae,
698 534 783 599 quas
818 515 924 591 affert,
961 512 1004 578 ad
1039 510 1281 578 includendum
1316 533 1388 576 non

143 622 157 655 ⁵
219 623 405 690 sufficiunt:
422 628 556 703 ,,βίας“
581 617 953 707 133311,,3ἷποόέγμενος
976 621 1108 710 ἀνδρῶν
1130 621 1173 685 131
1196 618 1389 704 iiberhaupt

219 729 524 816 unverstandlich‘f,
561 730 710 808 minime,
746 750 833 807 cum,
858 729 916 814 qui
946 750 998 793 res
1021 729 1212 794 ithacenses
1235 728 1387 811 cognitas
1455 784 1459 790 .

218 837 328 916 habet,
352 838 531 922 intellegat,
568 837 620 902 his
653 837 763 902 verbis
791 857 909 922 procos
937 835 1136 921 ‚significark
1174 834 1257 913 „Die
1280 856 1387 919 ganne

98 990 103 1000 ·
218 944 331 1012 Rede“
354 945 466 1029 inquit
482 945 546 1023 „ist
568 945 623 1009 ffir
647 944 700 1009 die
716 943 836 1029 jetzige
853 943 1017 1012 Situation
1041 942 1107 1008 viel
1130 965 1172 1007 ru
1188 940 1385 1012 deteilliert‘f

220 1051 378 1144 concede,
404 1051 463 1116 sed
486 1051 661 1137 copiosius,
686 1072 790 1136 quam
813 1072 874 1135 par
896 1049 1131 1129 est,“'scribere,
1156 1049 1234 1114 huic
1257 1044 1403 1134 poetae‘

218 1160 313 1225 cuius
346 1159 503 1224 inertiam
536 1159 573 1224 in
608 1179 676 1223 uno
709 1179 844 1243 quoque
876 1158 945 1222 iere
968 1178 1067 1223 versu
1091 1156 1385 1242 deprehendimus,

217 1266 387 1334 levidense
411 1267 538 1331 crimen
561 1271 627 1343 est;
655 1266 723 1344 „sic
747 1251 845 1333 deckt
860 1265 931 1330 sich
947 1263 1142 1330 inhaltlioh“
1167 1264 1278 1350 inquit
1302 1265 1387 1345 „mit

217 1380 272 1442 ἵνα
296 1401 345 1442 τοι
375 1375 435 1442 σῦν
463 1380 566 1462 μῆτιν·
585 1370 722 1462 ὕςοῆνωιι
758 1393 827 1437 non
856 1393 896 1436 ex
926 1372 1018 1436 omni
1049 1378 1142 1456 parte
1173 1378 1269 1451 recte,
1306 1394 1387 1438 cum

216 1480 356 1548 vocibus
392 1484 508 1568 ιμῆτιν
531 1477 682 1561 ὑφαίνειν
692 1480 708 1527 ³-
736 1479 941 1564 significetur
966 1479 1173 1558 „consilium
1208 1478 1292 1565 quid
1324 1503 1386 1566 pro

217 1590 330 1653 futuro
353 1588 546 1653 faciendum
570 1588 632 1653 311ιι
665 1586 759 1666 inire,
793 1585 936 1653 versibb.
962 1588 1116 1651 306-10
1140 1593 1253 1654 autem
1277 1594 1310 1651 31
1332 1609 1386 1652 res

216 1695 408 1761 Ithaeensee
443 1695 697 1766 adumbrentur.
738 1700 779 1772 ct,
813 1678 982 1779 quomodo
1019 1693 1135 1759 Ulixes
1173 1694 1220 1758 eis
1259 1699 1384 1774 utatur,

216 1803 462 1888 praescribitur,
488 1824 555 1888 quo
579 1802 624 1881 fit,
655 1807 693 1866 ut
715 1801 768 1866 his
791 1800 943 1868 versibus
967 1801 1133 1866 incertum
1155 1800 1239 1865 illud
1268 1805 1386 1891 (μῆτιν
1476 1824 1477 1828 ’

208 1900 384 1998 doabab’
408 1911 520 1996 aliquo
537 1930 638 1974 sensu
662 1885 887 1994 complealur;
919 1908 1064 1994 denique
1099 1907 1313 1995 „Odysseus“
1336 1910 1385 1975 in·

216 2018 299 2103 quit,
339 2018 482 2096 „nimmt
511 2017 609 2081 keine
631 2017 817 2082 Rucksicht
846 2016 984 2083 (131331ιι
1021 2023 1107 2081 certe
1143 2002 1290 2101 quidem,
1326 2018 1387 2082 sed

217 2125 318 2190 etiam
362 2146 479 2191 versus
526 2123 658 2189 303-5
703 2146 773 2189 non
827 2123 969 2208 respicit.
1049 2123 1231 2188 Eliminare
1281 2124 1387 2210 igitur

215 2254 263 2298 vs.
289 2233 443 2297 306-10
466 2253 535 2295 non
558 2231 643 2306 licet,
680 2229 740 2295 sed
767 2238 883 2315 poetae
907 2230 1058 2296 inscitiae
1082 2229 1300 2296 tribuendum
1324 2239 1384 2311 est,

216 2338 308 2425 quod
338 2361 407 2404 non
439 2338 547 2404 Ulixis
579 2337 637 2403 sed
669 2359 794 2416 eorum,
830 2339 889 2423 qui
913 2338 1038 2422 legunt,
1070 2338 1234 2403 rationem
1262 2338 1383 2418 habet;

216 2467 365 2531 namque
400 2445 435 2510 hi
465 2467 517 2510 res
547 2445 737 2510 Ithacenscs
768 2467 810 2510 ex
841 2445 1054 2511 Telemachia
1084 2446 1164 2510 satis
1196 2453 1385 2532 compertas

217 2553 351 2631 habent,
376 2560 423 2631 ut,
449 2573 535 2638 quae
551 2552 704 2619 Minerva
727 2551 827 2618 modo
851 2551 1038 2631 adumbrat,
1054 2552 1148 2618 'benc
1169 2553 1383 2638 perspiciant.

218 2659 283 2725 Sed
306 2667 382 2725 utut
406 2682 456 2725 res
480 2681 515 2725 sc
538 2660 648 2735 habet,
673 2660 782 2725 causis
815 2660 897 2745 ipsis
921 2660 1032 2725 adhuc
1062 2659 1214 2724 nondum
1239 2661 1385 2727 offende-

217 2767 347 2846 bamur,
372 2767 452 2852 quia
476 2789 510 2832 re
533 2789 613 2833 vera
636 2766 716 2832 deae
741 2767 865 2832 auxilio
889 2789 974 2852 opus
987 2774 1056 2846 est,
1093 2772 1130 2831 ut
1155 2768 1272 2833 Ulixes'
1294 2769 1385 2834 solus

217 2879 333 2940 contra
356 2875 435 2939 satis
459 2875 581 2939 multos
605 2896 722 2959 procos
745 2874 908 2940 violentos
925 2874 1188 2978 dominationem
1204 2882 1385 2962 recuperet.

306 2982 457 3046 Tertium
483 3003 568 3060 vero,
594 3003 661 3067 quo
681 2982 842 3060 Minerva,
868 2988 905 3046 ut
928 2982 1119 3062 intercedat,
1146 3005 1216 3048 sese
1240 3004 1384 3049 eommo—
1493 3051 1500 3067 ‚

217 3095 287 3153 tam
304 3089 486 3174 profitetur,
512 3088 626 3154 divino
642 3089 767 3153 auxilio
791 3089 889 3174 plane
905 3089 1085 3174 indignum
1109 3097 1167 3169 cst,
1191 3090 1275 3155 illud
1299 3091 1383 3171 dico,

217 3195 309 3281 quod
332 3196 485 3284 Minerva
517 3217 595 3284 curn
621 3195 716 3261 Ulixe
740 3196 931 3261 Phaeacum
962 3196 1050 3262 dona
1084 3197 1287 3264 abscondere
1310 3199 1385 3265 vult

143 3356 151 3373 .
217 3304 286 3382 (olr.
322 3303 422 3368 schol.
456 3304 484 3366 Α
514 3302 558 3368 ad
582 3311 610 3368 Γ
629 3304 704 3382 423,
738 3303 817 3367 ΒΤ
845 3303 888 3368 ad
920 3312 948 3369 Γ
967 3304 1060 3392 424);
1097 3291 1186 3371 dona
1221 3306 1312 3370 enim
1347 3307 1384 3372 in

217 3416 322 3488 antro,
347 3409 439 3495 quod
461 3410 546 3475 bene
569 3410 728 3476 noscebat
750 3408 826 3496 (349
851 3411 922 3498 sq.),
950 3411 1073 3490 Ulixes,
1106 3413 1164 3497 qui
1195 3435 1255 3498 per
1277 3419 1384 3478 totam

216 3517 305 3581 hanc
320 3523 450 3602 partem
484 3524 522 3582 ut
537 3517 676 3582 callidus
693 3524 724 3582 et
747 3526 901 3584 versutus
937 3519 1093 3585 laudibus
1117 3521 1261 3599 effertur,
1292 3521 1383 3586 solus
1460 3594 1463 3599 y

216 3625 270 3691 vel
294 3625 365 3688 sine
389 3623 469 3689 deae
493 3624 619 3688 auxilio
641 3611 771 3709 poterat
794 3626 944 3691 condere.
981 3628 1080 3703 Quod
1102 3648 1181 3693 vero
1205 3636 1304 3714 poeta
1319 3629 1401 3695 hoc·

143 3735 151 3746 ‘
216 3731 288 3796 loeo
312 3732 501 3797 Minervam
535 3731 624 3797 dona
660 3740 833 3798 curantem
868 3735 957 3812 facit,
993 3735 1086 3799 nulla
1116 3736 1181 3800 alia
1209 3735 1249 3802 de
1280 3758 1384 3804 causa

122 3887 129 3899 .
216 3838 352 3935 ridetur
374 3840 501 3903 factum
525 3859 606 3918 esse,
642 3862 745 3925 quam
780 3841 871 3926 quod
905 3842 976 3927 ipse
1006 3843 1129 3909 talibus
1144 3843 1257 3910 rebus
1286 3847 1382 3911 vehe-

208 3954 347 4037 menter
369 3945 614 4026 delectabatur3
641 3955 756 4032 postea
779 3949 870 4013 enim
893 3947 982 4014 dona
1005 3951 1143 4015 omnino
1166 3948 1382 4019 nullius'mo·

216 4054 321 4118 menti
357 4060 443 4118 sunt.
503 4054 569 4118 Hic
592 4060 706 4119 autem
728 4055 853 4120 mirum
881 4063 1047 4141 quantum
1071 4057 1112 4122 de
1135 4059 1254 4143 prioris
1279 4062 1383 4145 partis

216 4160 529 4246 interpolationibus
564 4162 718 4227 certiores
754 4163 862 4228 fimus.
921 4163 1076 4249 Namque
1100 4166 1382 4234 verisimillimum

217 4274 336 4334 estve.
363 4270 537 4364 roo-208
563 4270 781 4349 31215-19,
817 4271 940 4356 quibus
967 4273 1145 4358 praecipue
1171 4281 1306 4359 propter
1328 4275 1382 4341 do-

216 4397 338 4440 norum
370 4376 520 4462 ineptam
556 4385 588 4442 et
621 4377 797 4443 verbosam
820 4380 1026 4445 mentionem
1050 4381 1313 4460 offendebantur,
1339 4384 1382 4448 ab

217 4483 281 4547 hoc
306 4489 428 4561 nostro,
455 4483 514 4568 qui
537 4483 617 4549 item
641 4482 730 4550 dona
753 4508 822 4554 nou
845 4487 879 4550 in
904 4487 975 4552 loco
998 4488 1188 4573 gravissimi
1211 4490 1291 4555 13311
1312 4513 1381 4557 mo-
