3218 5332
644 315 844 378 ..4-

153 512 327 578 universas
351 533 402 577 res
426 511 558 576 divinas
581 511 712 575 animos
736 512 867 588 referre,
891 510 983 576 velut
1007 511 1034 575 si
1059 511 1197 579 docentt
1229 510 1327 607 (ἔθος

154 622 191 687 δὲ
212 615 339 709 Ὁμήρῳ
363 637 428 697 τοῖς
451 620 495 705 μή
520 618 683 709 παροῦσιν
705 621 848 698 εἰκάζειν
871 621 945 701 eoric
969 620 1081 696 deode’
1106 618 1222 701 (schol.
1248 619 1275 682 B
1299 620 1327 682 T

117 721 121 729 ’
153 727 196 791 ad
220 734 250 790 E
274 725 348 813 785)
379 732 437 789 aut
471 725 567 805 ‘idac
590 726 658 793 ἕστῐ
681 743 746 805 τοῖς
769 737 1087 816 μεταμορφουμένοις
1115 733 1209 804 θεοῖς
1240 729 1325 793 uacci

108 866 117 885 ·
152 836 212 920 τήν
236 829 360 920 ἄφοδον
385 835 564 900 ἀπολιπεῖν
593 834 764 921 τεκμήριον
794 837 840 907 εἰς
864 834 1055 916 ἔπίγνιισιν’
1087 832 1201 911 (schol.
1226 833 1256 897 A
1282 833 1327 908 ad

154 949 185 1005 B
198 940 282 1023 791).
309 940 400 1016 Quin
414 939 515 1004 etiam
528 944 693 1023 quantum
710 939 841 1004 intersit
852 939 939 1004 inter
955 945 1090 1024 poetam
1107 946 1139 1004 et
1155 961 1224 1016 eoa,
1242 962 1327 1024 quos

156 1054 292 1132 agentes
334 1047 422 1125 facit,
465 1067 521 1111 ecs
556 1067 623 1111 non
659 1046 755 1130 fugit,
791 1053 828 1110 ut
865 1046 1075 1130 cognoscitur
1122 1068 1162 1111 ex
1202 1047 1327 1112 scholio

159 1155 186 1218 B
215 1154 241 1217 P
276 1155 306 1230 Q
337 1154 359 1218 S
392 1154 421 1218 V
458 1153 501 1218 ad
530 1161 554 1235 β
589 1154 670 1219 262ῑ
717 1151 733 1219 ὅ
769 1161 830 1236 μὲν
870 1155 1059 1240 Τηλέμαχος
1093 1153 1207 1233 ἁπλαῖς
1242 1157 1327 1224 θεὸν
1371 1187 1375 1193 ·

155 1264 359 1328 ἐπικαλεῖται
382 1282 388 1293 ·
411 1259 615 1351 cirrosi-reip
646 1274 693 1340 τίς
719 1254 763 1346 ἤν
791 1268 883 1328 θεῶν
913 1263 930 1327 ὅ
962 1270 1074 1346 φανεὶς
1106 1263 1204 1352 αὐτῷ,
1238 1265 1257 1325 o‘
1291 1265 1328 1329 δὲ

112 1447 117 1457 ,
154 1366 443 1456 neratde-‘ariges'
467 1371 644 1466 {Adavatp'
669 1379 772 1454 ςιησίν.
942 1353 946 1362 ’
1389 1444 1392 1450 ,

244 1475 408 1540 Videmus
431 1475 533 1560 igitur
556 1474 690 1539 illorum
713 1480 904 1559 temporum
933 1473 1023 1538 viros
1047 1472 1161 1538 doctos
1185 1475 1329 1564 Homeri

156 1604 208 1647 res
233 1582 364 1647 divinas
388 1583 468 1648 satis
491 1564 623 1647 varium
652 1581 688 1645 in
716 1580 857 1653 modum
886 1586 1109 1665 perscrutatos
1143 1603 1230 1660 essc;
1268 1582 1327 1646 sed

156 1711 225 1755 non
260 1689 339 1754 satis
375 1688 544 1754 habebant
576 1688 685 1753 solum
717 1687 886 1766 adnotare,
920 1709 1006 1772 quae
1042 1688 1104 1753 sibi
1128 1710 1326 1753 commemo-

156 1796 284 1861 ratione
302 1796 505 1862 videbantur
521 1795 633 1881 digna,
658 1818 776 1862 verum
802 1817 849 1874 ea,
875 1816 962 1880 quae
986 1795 1049 1860 isto
1074 1796 1184 1861 studio
1208 1817 1326 1881 cogno-

156 1910 285 1982 verant,
333 1903 377 1967 ad
414 1903 673 1967 Homericorum
714 1903 902 1968 carminum
941 1903 1217 1988 compositionem
1256 1925 1326 1988 per-

157 2010 364 2095 spiciendam
404 2009 616 2075 adhibebant.
688 2010 881 2075 Memineris
919 2031 1053 2095 quaeso,
1098 2017 1135 2074 111
1174 2011 1328 2095 exempla

157 2101 305 2194 afferam,
342 2117 551 2183 Zenodotum
587 2117 791 2203 eoversibus
816 2126 845 2183 Γ
863 2117 1039 2183 423-426
1075 2123 1107 2181 et
1135 2126 1165 2183 Δ
1187 2119 1228 2181 88
1252 2117 1326 2182 illos

157 2225 333 2289 temeraria
348 2224 539 2289 coniectura
554 2231 788 2302 commutasse,
813 2224 904 2289 hunc
920 2224 1119 2302 eliminasse,
1144 2231 1326 2309 utrumque

158 2354 197 2397 ea
220 2331 260 2396 de
284 2352 393 2409 causa,
430 2331 531 2416 quod,
546 2404 553 2417 .
567 2353 653 2416 quae
690 2331 743 2396 dei
766 2333 923 2410 lacerent,
959 2353 1036 2396 cum
1068 2331 1183 2397 divina
1206 2337 1327 2396 natura

146 2460 226 2504 non
250 2438 486 2503 consentirent.
533 2439 576 2503 Et
599 2444 686 2503 certe
710 2439 837 2523 optimo
860 2440 944 2525 jure,
979 2446 1016 2502 ut
1039 2439 1075 2502 in
1098 2438 1151 2503 his
1175 2438 1326 2504 versibus
1422 2447 1426 2456 “

158 2546 368 2631 aliquantum
396 2545 627 2623 subsistamus
652 2546 688 2610 in
712 2546 932 2635 offensionem
948 2547 1089 2620 vocavit,
1115 2545 1206 2630 quod
1229 2552 1328 2631 poeta

158 2659 314 2718 naturam
338 2652 478 2717 deorum
501 2653 581 2718 satis
604 2633 818 2739 neglegenter
841 2653 1009 2739 depinxit;
1047 2675 1127 2717 nam
1158 2653 1217 2737 qui
1249 2652 1328 2717 deos
1411 2658 1416 2668 '

160 2760 336 2824 hominum
372 2766 404 2824 et
432 2759 629 2825 muneribus
654 2761 833 2845 fungentes
857 2760 1061 2825 et'moribus
1085 2767 1216 2824 utentes
1239 2760 1327 2837 lacit,

160 2868 231 2932 sine
256 2866 358 2932 dubio
383 2866 534 2933 divinam
558 2875 716 2932 naturam
739 2867 893 2953 neglegit.
951 2868 1135 2944 Praeterea,
1161 2867 1188 2931 si
1212 2889 1329 2932 versus

161 2976 306 3039 offensos
330 2973 481 3038 eliminat
503 2975 556 3039 vel
580 2975 770 3067 coniectura
795 2980 989 3052 commutat,
1016 2974 1080 3039 hoc
1103 2972 1328 3052 concedimus,

161 3081 260 3146 istam
284 3080 363 3147 deos
386 3072 591 3167 depingendi
625 3081 790 3146 rationem
824 3102 907 3151 cum.
935 3103 974 3146 ea
1006 3081 1190 3158 dissentire,
1226 3103 1329 3165 quarn

161 3188 276 3253 multis
300 3188 373 3253 aliis
396 3189 432 3253 in
455 3189 536 3254 locis
559 3189 717 3254 usitatam
740 3189 904 3266 videmus
958 3188 1003 3252 At
1033 3194 1146 3252 tamen
1178 3188 1230 3252 vir
1258 3188 1330 3253 doc-

140 3295 312 3361 ·tissimus
336 3317 452 3361 versus
472 3296 614 3362 traditos
637 3318 707 3361 non
730 3304 816 3361 recte
840 3296 1076 3375 eommutavit3
1106 3316 1215 3380 neque
1240 3295 1330 3359 enim

162 3403 216 3467 his
240 3403 318 3468 solis
342 3425 452 3488 neque
476 3403 592 3489 paucis
615 3410 748 3468 tantum
778 3403 814 3467 in
837 3403 917 3480 locis
948 3409 1069 3467 natura
1103 3402 1218 3467 divina
1253 3423 1330 3466 cum

163 3509 333 3596 impietate
357 3509 505 3595 quadam
529 3510 736 3590 describitur,
762 3510 820 3576 sed
838 3509 1031 3595 saepissime
1053 3509 1156 3594 idque
1172 3531 1241 3574 non
1257 3530 1330 3574 raro

164 3617 211 3681 eis
240 3616 276 3680 in
306 3617 396 3695 locis,
434 3618 493 3702 qui
525 3618 568 3683 ad
592 3617 692 3683 totius
723 3617 856 3682 fabulae
880 3624 1118 3702 argumentum
1140 3617 1331 3701 gravissimi

163 3725 325 3790 momenti
349 3731 435 3789 sunt.
483 3725 600 3810 Itaque
623 3724 824 3803 Zenodotus,
856 3746 933 3790 cum
966 3724 1095 3789 videret
1124 3745 1175 3788 res
1201 3722 1331 3788 divinas

164 3831 255 3916 apud
271 3832 460 3896 Homerum
483 3853 552 3896 non
575 3853 643 3896 uno
667 3839 768 3917 atque
793 3831 911 3898 eodem
934 3831 1033 3896 modo
1050 3830 1196 3916 depingi,
1222 3831 1331 3914 singu·
1421 3815 1424 3820 ¹

166 3939 282 4023 lasque
306 3938 511 4024 depingendi
535 3939 680 4004 rationes
704 3940 750 4004 ita
773 3939 861 4003 inter
884 3960 918 4003 se
943 3938 1127 4016 dissentire,
1163 3945 1201 4002 ut
1224 3938 1333 4017 eidem
1427 3992 1435 4006 .

166 4052 282 4130 poetae
306 4044 408 4110 tribui
431 4046 488 4111 vix
512 4053 658 4132 possent,
683 4068 752 4112 non
775 4047 818 4111 ad
842 4046 1050 4112 coniecturas
1067 4046 1250 4125 decurrere,
1275 4046 1333 4111 sed

167 4152 366 4219 constituere
400 4151 551 4232 debebat,
588 4174 756 4238 quaenam
786 4160 897 4238 pastas
931 4153 1071 4238 singulis
1095 4153 1201 4238 poetis
1225 4161 1334 4218 essent

168 4258 414 4324 adscribendae.
454 4261 497 4325 Et
520 4282 554 4324 re
580 4281 660 4325 vera
683 4261 741 4345 qui
764 4260 817 4325 his
841 4260 1047 4346 temporibus
1071 4260 1189 4325 studiis
1213 4260 1333 4324 Home-

169 4366 245 4430 ricis
268 4387 405 4451 operam
429 4374 606 4445 navarunt,
631 4367 724 4432 velut
746 4367 954 4445 Lachmann,
979 4368 1166 4447 Kirchhoff,
1192 4368 1333 4452 Kochly,

163 4473 340 4553 ,Kammen
373 4474 481 4554 Niese,
495 4474 737 4573 ,Wilamovita
774 4482 974 4560 argumenta
1009 4495 1089 4571 cum
1121 4474 1186 4539 alia
1221 4482 1335 4539 tume
