3218 5332
695 311 914 377 ...25-

226 507 334 594 priam
358 529 439 587 esse,
464 508 552 572 hanc
574 529 653 573 vero
677 508 923 593 neglegentiam
946 508 982 572 in
1006 507 1106 573 rebus
1131 507 1254 573 divinis
1279 508 1394 593 depin-

225 615 343 700 gendis
378 615 559 700 impietatis
594 616 739 700 speciem
775 615 947 700 praebere,
1001 616 1095 692 Quae
1131 637 1209 680 cum
1243 616 1289 680 ita
1314 616 1392 693 sint,

225 723 352 808 optimo
383 724 458 808 jure
482 744 499 788 e
523 723 660 800 ratione,
697 722 766 807 qua¹
799 722 938 787 deorum
972 743 1051 787 cum
1086 722 1280 787 hominibus
1304 743 1391 787 com·

225 830 388 894 mercium
412 829 614 915 depingitur,
645 828 810 915 judicium
834 829 875 895 de
898 821 1107 914 singularum
1132 829 1392 915 epiphaniarum

224 942 331 1001 aetate
354 937 507 1001 facimus.
1283 930 1288 942 ⁴

691 1544 831 1648 eaput
858 1544 917 1626 Π.

770 1759 845 1846 §a

311 1921 495 2006 Postquam
518 1921 627 2006 primo
651 1920 758 2006 capite
782 1919 996 1998 differentias,
1022 1941 1108 2005 quae
1131 1912 1218 1985 inte'r
1240 1919 1391 1986 diversae

223 2028 340 2092 aetatis
364 2027 562 2113 epiphanias
585 2027 805 2106 intercedunt,
831 2027 1052 2105 exaravimus,
1077 2025 1121 2091 ad
1137 2027 1281 2112 reliquos
1301 2027 1391 2092 locos

222 2157 284 2199 nos
320 2141 566 2213 convertamus,
602 2141 640 2199 ut
674 2134 797 2220 quibus
832 2116 1039 2220 temporibus
1074 2134 1225 2219 concepti
1261 2135 1336 2212 sint,
1373 2157 1390 2200 e

222 2241 321 2307 rebus
344 2242 468 2308 divinis
492 2243 686 2307 efficiamus.
1058 2256 1062 2264 ’

315 2349 514 2416 Gravissimi
537 2356 649 2414 autem
673 2350 836 2414 momenti
870 2355 920 2414 est
954 2348 998 2413 ad
1021 2348 1160 2414 deorum
1184 2370 1262 2414 cum
1286 2350 1391 2414 homi-

221 2456 321 2521 nibus
345 2457 583 2522 commercium
606 2456 838 2543 judicandum,
874 2463 988 2521 utrum
1023 2455 1075 2521 dei
1110 2456 1236 2522 alienas
1265 2458 1392 2522 formas

220 2563 365 2629 induant
402 2585 516 2629 necne.
580 2564 615 2628 si
654 2565 851 2629 commutati
890 2585 924 2628 se
964 2564 1158 2635 admiscent,
1207 2564 1390 2649 quaeritur,

220 2670 426 2757 quibusnam
458 2671 574 2736 formis
609 2672 719 2736 induti
754 2678 946 2757 appareant.
1009 2671 1127 2756 ltaque
1151 2671 1300 2756 singulas
1325 2673 1392 2757 epi-

220 2778 363 2864 phanias
399 2800 468 2843 non
503 2799 543 2843 ex
576 2777 737 2843 librorum
761 2778 931 2865 Odysseae
965 2779 1081 2843 ordine
1110 2777 1390 2857 examinabimus

220 2885 279 2951 sed
302 2886 394 2951 hunc
417 2886 452 2949 in
476 2884 616 2950 modum
640 2885 889 2964 distribuamus,
918 2894 957 2951 ut
978 2886 1128 2972 primum
1151 2885 1192 2950 de
1215 2885 1305 2964 locis,
1330 2886 1391 2951 ubi

219 2991 272 3057 dei
317 2993 442 3058 formas
487 2992 635 3058 induunt
672 2993 851 3058 hominum
889 2994 1090 3058 nominatim
1133 2993 1389 3078 appellatorum,

219 3098 322 3165 verba
356 3099 535 3179 faciamus;
569 3106 641 3165 tum
678 3099 719 3165 de
754 3101 848 3179 locis,
893 3086 950 3165 ubi
995 3099 1048 3164 dei
1082 3101 1207 3164 formas
1241 3099 1392 3165 induunt

219 3207 407 3283 hominum,
438 3228 584 3291 quorum
618 3208 758 3272 nomina
790 3229 859 3272 non
883 3208 1112 3293 appellantur,
1141 3207 1200 3271 sed
1222 3228 1332 3290 mores
1356 3214 1391 3272 et

218 3314 363 3398 corporis
387 3313 522 3379 habitus
546 3314 799 3393 describuntur3
825 3313 945 3380 deinde
970 3315 1058 3380 locos
1076 3313 1303 3391 tractabimus,
1328 3314 1389 3380 ubi

218 3421 403 3495 hominum,
429 3443 574 3506 quorum
606 3423 732 3507 species
768 3421 923 3500 induunt,
963 3444 1072 3506 neque
1107 3423 1246 3486 nomina
1276 3442 1389 3507 neque

156 3600 162 3609 .
217 3527 351 3592 habitus
384 3536 698 3607 commemorantur,
739 3528 797 3594 sed
836 3530 905 3593 sola
944 3551 1094 3607 munera,
1135 3528 1258 3613 quibus
1288 3530 1389 3614 fungi

218 3634 335 3713 solent,
371 3635 593 3715 adnotantur;
630 3636 775 3729 denique
814 3637 903 3702 locos
938 3635 1195 3714 recensebimus,
1235 3635 1294 3700 ubi
1332 3635 1388 3700 dei

217 3742 355 3806 omnino
380 3758 446 3806 non
474 3750 679 3808 commutata
702 3744 811 3830 specie
829 3765 906 3808 cum
927 3743 1121 3808 hominibus
1138 3742 1386 3829 colloquuntur.

307 3849 347 3912 ln
371 3849 511 3934 singulis
536 3856 647 3914 autom
672 3850 752 3915 locis
768 3851 960 3929 tractandis
987 3856 1025 3914 ut
1041 3872 1142 3935 supra
1154 3850 1386 3935 cognovimus

216 3956 371 4020 anicium
407 3964 439 4020 ot
472 3956 514 4020 ad
546 3956 625 4021 deos
650 3963 681 4021 et
704 3957 747 4022 ad
770 3951 924 4023 homines
951 3957 1123 4023 intendere
1148 3963 1286 4043 oportet.
1334 3957 1387 4022 De

216 4063 286 4127 dois
310 4063 568 4141 animadvertas
593 4071 707 4128 utrum
731 4065 856 4130 alienas
880 4066 1004 4129 formas
1028 4065 1171 4129 induant
1195 4086 1317 4142 necne;
1343 4064 1387 4130 de

217 4170 440 4248 commutatis,
466 4192 548 4234 num
574 4179 835 4255 cognoscantur;
862 4171 902 4237 de
926 4172 1077 4255 cognitis,
1103 4192 1170 4256 quo
1187 4171 1283 4256 signo
1299 4193 1385 4235 mor·

216 4276 337 4341 talibus
363 4275 513 4341 (livinum
536 4285 693 4342 naturam
717 4278 902 4344 ostendant.
966 4279 1054 4342 Tum
1079 4278 1278 4356 consideres
1304 4300 1385 4363 quo-

215 4383 314 4448 modo
338 4406 415 4448 cum
437 4384 630 4455 hominibus
661 4385 903 4471 colloquantur,
940 4393 1054 4451 utrum
1089 4386 1175 4450 comi
1211 4407 1289 4450 cum
1311 4407 1385 4471 gra-

215 4490 316 4558 vitate
340 4513 384 4555 an
407 4491 616 4557 familiariter
645 4499 755 4577 agant.
826 4494 915 4558 Tum
939 4494 980 4558 de
1003 4515 1114 4571 causa,
1147 4515 1216 4579 qua
1238 4495 1385 4578 permoti
