3218 5332
650 1221 939 1329 Thesea

744 1471 849 1479 *-

217 1594 247 1656 1.
294 1592 322 1657 Ε
347 1591 499 1658 versibus
522 1592 560 1656 T·
574 1593 715 1670 30---33‚
745 1592 803 1656 ubi
819 1592 934 1657 Thetis
950 1592 1092 1657 Patrocli
1108 1593 1237 1678 corpori
1254 1614 1380 1658 conser-

295 1699 407 1766 vando
431 1721 568 1785 operam
592 1699 659 1777 dat,
692 1698 735 1764 ad
758 1705 911 1777 aetatem,
948 1721 1015 1785 qua
1037 1699 1115 1765 Ilias
1139 1707 1299 1786 concepta
1322 1707 1380 1779 est,

162 1818 166 1823 '
261 1836 265 1843 ·
295 1806 563 1871 constituendam
586 1827 655 1871 non
678 1806 763 1870 nihil
786 1805 936 1873 efficitur.

216 1932 248 1996 2.
267 1942 274 1953 “
296 1931 331 1996 Ο.
356 1931 466 1996 Rothe
489 1953 558 1996 non
582 1939 669 1997 recto
704 1940 818 1997 censet
852 1940 968 1997 versus
1000 1932 1134 1997 iteratos
1165 1931 1250 1996 nihil
1272 1931 1381 1997 valere

296 2038 338 2104 ad
350 2038 627 2124 compositionem
637 2038 895 2103 Homericorum
905 2039 1093 2103 carminum
1106 2037 1380 2124 cognoscendam.

217 2164 249 2229 3.
297 2163 450 2229 Tibullus
486 2184 621 2229 carmen
657 2163 722 2228 115
758 2185 806 2243 ec,
850 2163 941 2249 quod
975 2163 1149 2228 Phoebum
1183 2164 1383 2228 nominatim

296 2271 440 2350 invocat,
464 2271 500 2335 in
523 2277 634 2356 partes
658 2293 735 2335 suas
759 2270 914 2356 disponit.
1348 2281 1349 2285 ’

218 2397 250 2460 4.
298 2396 338 2460 ln
361 2395 494 2461 Aeneae
511 2396 749 2461 commentario
763 2395 973 2480 poliorcetico
996 2395 1099 2461 verba
1126 2396 1199 2463 ‘drot
1224 2397 1284 2476 τὰς
1307 2397 1383 2483 φρά-

298 2509 362 2584 ξεις
396 2510 463 2572 τῶν
486 2506 639 2590 ἁμαξῶν
675 2502 773 2590 (11.6
808 2525 861 2588 pg.
888 2504 940 2581 83
976 2502 1024 2568 ed.
1051 2503 1189 2586 Herch.)
1222 2502 1382 2568 adversus

295 2610 506 2675 Hercherum
528 2611 662 2676 retineo.

216 2738 247 2800 5.
286 2733 363 2799 Sall.
399 2741 479 2800 orat.
504 2734 619 2821 Lepid.
656 2735 678 2821 ξ]
704 2735 744 2798 14
767 2734 947 2820 legendum
986 2741 1049 2799 est:
1082 2734 1183 2799 simul
1217 2734 1383 2799 humanas

296 2841 421 2907 hostias
457 2842 588 2908 vidistis
626 2848 658 2907 et
693 2841 871 2907 simulacra
915 2839 1079 2926 (sepulcra
1112 2840 1224 2931 codd.)
1259 2841 1383 2906 iniecta

296 2949 460 3034 sanguine
483 2949 582 3017 civili.

221 3074 251 3139 6.
298 3073 337 3137 In
346 3073 423 3139 Tac.
442 3073 518 3139 dial.
536 3096 607 3160 cap.
628 3075 666 3138 17
684 3074 757 3160 lego
772 3097 778 3140 :
793 3095 861 3138 non
878 3073 1072 3138 Menenium
1085 3073 1272 3158 Agrippam
1285 3124 1381 3136 .....

298 3187 488 3246 nostrorum
519 3187 708 3267 temporum
732 3181 862 3275 disertis
886 3187 1087 3266 anteponere
1110 3179 1227 3248 voletis
1262 3178 1384 3277 (soletis

249 3360 253 3367 ,
298 3286 414 3376 codd).
