3218 5332
627 307 847 374 ...71-

158 511 266 584 „recte
289 505 458 584 monuisti,
494 504 552 571 sed
586 505 805 571 nihilominus
836 505 1043 592 gravissimis
1076 506 1191 572 laboro
1220 505 1317 585 curis,

158 613 328 698 quomodo
352 634 412 698 ego
436 634 525 678 unus
548 619 664 678 contra
687 635 846 698 magnam
868 634 1046 699 procorum
1068 613 1320 679 multitudinem

156 719 334 786 dimicem“
358 719 522 807 (el-44).
569 720 766 785 Consolatur
789 720 851 785 dea
881 720 1066 786 mitissimis
1090 720 1216 788 verbis:
1249 741 1319 785 non

156 848 227 892 esse
251 848 310 892 cur
333 827 465 892 recedat
486 833 545 892 aut
566 833 703 906 metuat,
728 827 859 892 etiamsi
881 826 987 892 multo
1010 829 1120 914 major
1141 849 1319 914 procorum

156 939 269 999 turma
291 933 446 1010 obstaret,
471 933 746 1020 quandoquidem
761 934 1011 1020 potentissimae
1035 935 1125 1014 deae,
1150 956 1170 999 a
1193 935 1319 1020 quain

158 1041 314 1126 periculis
337 1061 470 1126 semper
492 1046 642 1107 servatus
667 1041 718 1115 sit,
742 1040 846 1106 tutela
867 1041 999 1106 truatur
1020 1038 1073 1128 (45
1097 1042 1167 1129 sq.).
1225 1041 1319 1106 Haec

155 1148 266 1214 locuta
288 1147 422 1214 Ulixem
445 1147 519 1212 miti
543 1168 660 1233 sopore
683 1147 849 1212 suffundit
872 1154 904 1213 et
926 1148 1046 1214 avolat.

245 1255 368 1320 Omnia
390 1253 536 1341 perbene
559 1259 713 1319 enarrata
735 1261 823 1333 sunt,
860 1254 923 1320 dea
945 1255 1131 1341 justissima
1154 1255 1195 1320 de
1218 1276 1320 1321 causa

155 1383 233 1427 cum
268 1361 368 1428 Ulixe
401 1361 610 1446 colloquitur,
642 1361 777 1447 optime,
814 1383 900 1447 quae
924 1361 988 1427 sibi
1010 1363 1193 1448 proposuit,
1230 1383 1318 1427 exse-

156 1469 278 1554 quitur.
310 1467 375 1534 Sed
392 1468 611 1534 nihilominus
629 1468 825 1554 praesertim
841 1490 883 1534 ex
898 1469 961 1534 hoc
978 1469 1049 1534 loco
1066 1469 1318 1554 diligentissime

155 1581 297 1662 apoeta
320 1576 450 1642 exculto
474 1575 716 1661 cognoscimus,
741 1582 908 1661 quantum
941 1576 1071 1641 intersit
1103 1576 1191 1641 inter
1224 1577 1318 1642 ratio

153 1705 242 1759 nem,
279 1704 348 1769 qua
381 1704 433 1748 res
468 1682 602 1750 divinae
636 1683 752 1768 priscis
785 1689 818 1748 et
851 1683 1089 1769 posterioribus
1111 1683 1318 1769 temporibus

154 1790 391 1876 depinguntur.
454 1789 609 1875 Namque
633 1789 749 1855 Ulixes
773 1789 872 1855 deam
896 1790 1009 1855 statim
1032 1789 1215 1876 adgnoscit,
1240 1811 1318 1856 cum

153 1897 287 1983 cognita
309 1903 484 1982 tamquam
518 1917 596 1962 cum
620 1897 726 1962 amica
750 1897 1010 1963 familiarissima
1032 1897 1240 1982 colloquitur,
1275 1919 1318 1963 ne

152 2004 255 2070 verbo
278 2004 415 2090 quidem
439 2009 686 2082 commemorat,
711 2004 829 2090 quanti
853 2004 1015 2069 momenti
1049 2005 1100 2083 sit,
1125 2004 1153 2069 si
1185 2005 1318 2069 immor·
1418 2044 1421 2051 ·

153 2110 236 2176 tales
259 2110 323 2197 ipsi
347 2110 501 2176 homines
524 2111 744 2175 consolentur.
786 2111 938 2201 Minerua
960 2117 1083 2189 autem,
1109 2131 1318 2197 quamquam

152 2218 303 2284 divinam
319 2230 419 2284 suam·
432 2217 616 2303 potentiam
634 2218 738 2297 effert,
755 2223 868 2282 tamen
892 2218 1053 2284 adversus
1070 2218 1213 2295 Ulixem,
1239 2240 1317 2283 cum

152 2346 268 2392 veram
292 2331 449 2390 naturam
471 2345 541 2389 non
564 2324 706 2410 respicit,
731 2325 875 2389 amicam
890 2325 1089 2390 familiarem
1112 2346 1147 2390 se
1161 2331 1316 2410 praestat.
1403 2388 1408 2397 ,

152 2431 299 2511 Accedit,
324 2432 415 2518 quod
437 2431 472 2496 hi
496 2452 622 2510 versus,
657 2437 696 2496 ut
718 2431 899 2517 epiphania
921 2458 956 2510 π,
993 2431 1210 2496 similitudine
1239 2453 1317 2518 qua-

153 2539 232 2605 dam
255 2559 334 2604 cum
364 2538 546 2625 epiphania
569 2536 609 2606 21²
632 2540 894 2624 conjunguntur,
920 2559 997 2604 oum
1020 2544 1163 2624 utroque
1185 2539 1222 2603 in
1245 2539 1317 2604 loco

153 2646 306 2712 similiter
321 2646 492 2712 Minervae
508 2646 658 2731 potentia
674 2645 831 2710 efferatur
845 2644 880 2732 (ν
889 2646 1041 2710 389-91
1059 2647 1116 2711 cfr.
1132 2646 1316 2734 vla-51),

152 2759 296 2839 utroque
330 2753 367 2817 in
389 2753 461 2818 loco
485 2757 773 2830 commemoretur,
805 2752 902 2818 deam
935 2753 970 2817 in
1002 2753 1158 2838 periculis
1183 2753 1317 2820 Ulixem

153 2882 286 2946 semper
305 2860 466 2947 adjuvare
483 2858 513 2946 (v
531 2859 594 2924 301
619 2859 677 2923 cir.
702 2860 777 2927 vll
789 2857 837 2946 ¹⁸).
869 2860 987 2945 Itaque
1010 2881 1127 2926 versus
1150 2890 1170 2930 v
1185 2861 1316 2927 30-55

154 2967 263 3034 eidem
287 2967 386 3033 aetati
410 2988 448 3032 ac
471 2973 589 3052 poetae
612 2964 843 3046 adscribimus,
868 2968 927 3053 qui
951 2967 1147 3053 epiphanias
1171 2967 1213 3038 ν2
1236 2974 1268 3034 et
1290 2996 1317 3036 π

151 3075 356 3162 conscripsit.
630 3160 632 3164 Α

242 3180 307 3248 Sed
331 3202 539 3268 quamquam
562 3185 706 3246 aetatem
728 3181 832 3268 hujus
860 3182 922 3246 loci
952 3182 1048 3247 facile
1065 3181 1316 3261 constituimus

150 3297 265 3356 tamen
303 3310 355 3354 res
392 3288 546 3353 nondum
579 3290 622 3354 ad
656 3290 759 3355 finem
796 3289 957 3374 perducta
991 3296 1055 3368 est;
1095 3312 1242 3375 namque
1281 3289 1317 3353 in

150 3394 372 3464 offensionem
392 3395 519 3474 incidit,
545 3397 635 3483 quod
658 3398 775 3475 forma,
800 3417 903 3481 quam
921 3396 1072 3463 Minerva
1094 3397 1213 3476 induit,
1239 3399 1316 3465 solis

149 3503 261 3570 verbis
285 3506 400 3588 ‘dapar
424 3504 454 3568 δ’
477 3499 569 3591 ἤικτο
592 3503 739 3588 γυναικί
762 3502 968 3582 describitur,
993 3525 1072 3569 aum
1102 3526 1150 3570 vs.
1175 3508 1260 3590 καλῇ
1282 3532 1317 3572 τε

148 3612 277 3710 μεγάλῃ
300 3639 336 3678 τε
359 3612 425 3678 κτλ.
444 3610 625 3685 omittatur,
643 3611 701 3696 qui
725 3610 863 3695 quidem
886 3610 1023 3696 reliquis
1046 3609 1175 3676 mediae
1199 3592 1316 3677 aetatis

150 3719 187 3784 in
209 3717 291 3783 locis
315 3722 430 3782 exstat.
489 3716 685 3783 invenimus
721 3723 835 3783 autem
866 3717 1008 3786 eandem
1030 3724 1166 3782 tenuem
1188 3718 1315 3784 formae

231 4036 275 4106 Ρ)
291 4037 353 4093 Hoc
370 4037 399 4092 in
419 4053 499 4092 versu
525 4037 553 4105 (v
572 4039 617 4104 47)
643 4043 723 4106 poeta
750 4054 894 4105 pronomen
922 4027 1067 4092 relativum
1094 4037 1259 4108 singularem
1287 4037 1316 4093 in
1406 4035 1408 4039 ⁴

148 4128 259 4184 modum
278 4134 340 4196 post
358 4127 503 4198 διαμπερές
521 4126 619 4196 posuit,
638 4127 708 4194 quod
726 4127 814 4180 locum
834 4126 992 4194 epiphaniae
1012 4124 1044 4178 ν’
1062 4134 1183 4195 repetere
1208 4128 1316 4182 volebat

149 4226 179 4274 et
215 4232 323 4272 versum
359 4221 393 4270 46
431 4231 464 4270 ex
500 4215 589 4270 Iliade
626 4217 662 4283 (Σ
696 4216 759 4282 363)
796 4215 912 4285 recepit,
959 4222 990 4270 ut
1025 4216 1104 4270 docet
1138 4215 1173 4270 A.
1211 4217 1316 4271 Gemoll

149 4307 278 4374 (Hermes
299 4309 366 4364 1883
386 4304 490 4361 XVIII
516 4321 560 4374 pg.
582 4305 636 4372 tt).
682 4304 758 4358 Idem
786 4304 905 4359 ostendit
930 4307 985 4374 (pg.
1014 4304 1059 4372 84)
1088 4306 1159 4358 hunc
1186 4311 1314 4373 nostrum,

150 4412 212 4451 eum
230 4397 265 4450 ed
283 4394 381 4450 mauis
399 4409 506 4449 versum
528 4399 607 4447 ἰ1162
627 4397 673 4460 (=
692 4413 707 4446 v
727 4394 772 4461 ot)
800 4409 891 4448 vocem
917 4391 1086 4464 ’λυσιμελής3
1115 4394 1144 4448 in
1162 4393 1315 4461 insequenti

150 4501 232 4542 versu
249 4485 372 4554 adderet,
390 4500 469 4539 voces
486 4480 575 4535 ’λὺων
592 4480 776 4554 μελεδήμαπα’
795 4483 960 4550 explanasse.
