3218 5332
618 321 837 389 -73..

46 538 52 548 ·
153 524 293 598 mutata,
318 518 388 605 qui,
415 524 582 612 quantum
616 521 758 607 juvenes
792 519 881 584 inter
903 515 1089 582 ludendum
1112 513 1239 601 lapides
1269 512 1323 579 vel

156 624 266 692 discos
282 627 492 713 projecerint,
505 627 640 705 indicat,
656 628 790 699 Ulixem
802 627 955 692 omnium
967 624 1162 710 longissime
1174 621 1322 707 lapidem
1343 694 1348 705 ‚

154 734 342 818 propulisse
365 735 432 800 alta
454 756 544 801 voce·
559 735 751 820 proclamat.

247 842 394 928 Uterque
416 843 508 907 locus
525 841 789 908 dubitationibus
812 864 881 907 non
897 847 1002 909 vacat.
1040 841 1081 904 ln
1097 839 1144 907 29¹
1161 861 1209 916 eo,
1231 835 1322 922 quod

83 991 85 994 >
155 948 308 1015 Minerva
330 950 502 1034 praeconis
518 951 662 1014 formam
682 949 802 1028 induit,
819 972 888 1015 non
904 948 1115 1026 offendimur,
1133 946 1214 1032 quia
1231 964 1321 1030 prae·

157 1076 257 1121 cones
286 1057 378 1141 apud
400 1057 598 1136 Homerum,
623 1063 661 1122 ut
691 1063 786 1122 erant
813 1057 961 1142 ingenui,
991 1077 1060 1120 non
1088 1076 1162 1119 raro
1196 1053 1322 1117 honore
1357 1066 1362 1078 ·

153 1162 320 1228 florebant
342 1161 409 1249 (cir.
427 1164 566 1242 Kostka
587 1164 627 1229 de
651 1152 862 1250 praeconibb.
888 1163 1087 1240 Homericis,
1104 1161 1197 1246 Lyck
1217 1158 1320 1245 1844),

156 1270 216 1336 sed
239 1269 331 1355 quod
354 1270 433 1336 huic
449 1272 606 1356 praeconi
629 1293 752 1337 nornen
769 1293 837 1336 non
860 1271 1054 1356 imponitur,
1072 1274 1159 1334 certe
1174 1265 1322 1332 animad-

155 1377 309 1444 versione
332 1369 473 1463 dignum
497 1384 554 1443 est.
592 1378 720 1444 Verum
743 1386 801 1457 est,
825 1378 958 1463 virgini,
984 1379 1081 1462 cujus
1105 1377 1248 1439 formam
1264 1374 1322 1438 Mi-

157 1506 262 1550 nerva
285 1505 363 1549 cum
386 1485 485 1550 Ulixe
508 1506 727 1569 congressura
755 1484 874 1563 induit,
907 1506 1030 1549 nomen
1060 1484 1140 1547 item
1172 1503 1241 1546 non
1264 1481 1322 1545 im-

156 1591 238 1677 poni
261 1589 295 1680 (q
322 1592 361 1655 19
385 1590 467 1678 sq.),·
491 1598 525 1657 at
547 1593 731 1661 certissima
754 1592 795 1657 de
818 1613 934 1657 causa:
967 1591 1082 1657 Ulixes
1114 1590 1205 1654 enim
1237 1589 1323 1653 inter

157 1698 325 1771 Phaeaces
348 1699 519 1764 neminem
542 1700 714 1785 cognitum
737 1699 882 1765 habebat
906 1697 971 1784 (pg.
997 1699 1073 1781 33).
1120 1695 1215 1761 Idem
1244 1716 1322 1761 vero

157 1811 264 1891 poeta,
296 1826 374 1871 cum
404 1806 591 1871 Minervam
623 1807 749 1871 amicae
782 1805 844 1871 sub
877 1806 985 1891 specie
1008 1805 1194 1870 Nausicaae
1224 1824 1322 1887 appa·
1351 1865 1360 1884 ,

157 1918 286 1978 rentem
320 1913 452 1991 laceret,
486 1934 610 1978 nomen
643 1914 705 1980 sibi
739 1913 948 1999 excogitavit,
984 1913 1110 1998 quippe
1143 1911 1202 1996 qui
1235 1916 1323 1975 recte

156 2019 319 2085 intellexit
342 2021 468 2085 amicae
491 2042 615 2085 nornen
638 2027 676 2085 ut
699 2022 883 2086 Nausicaae
906 2021 953 2084 ita
976 2018 1190 2084 audientibus
1214 2017 1344 2102 cogni,

158 2133 231 2198 tum
255 2148 325 2192 esse
356 2126 475 2192 debere
501 2125 565 2213 (pg.
591 2127 654 2211 32).
701 2128 768 2193 Hic
797 2150 876 2193 vero
909 2134 1030 2204 noster,
1064 2148 1123 2192 cur
1150 2124 1323 2211 praeconis

159 2255 284 2299 nomen
307 2235 465 2312 omiserit,
489 2256 557 2299 non
581 2241 688 2320 patet;
717 2242 979 2300 consentaneum
1010 2235 1101 2299 enim
1128 2238 1178 2297 est
1200 2232 1322 2296 Phaea-

158 2362 237 2407 cum
260 2362 353 2426 reges
374 2341 524 2426 ipsorum
548 2363 747 2427 praeconem
763 2349 851 2408 certo
875 2342 1011 2407 nornine
1028 2341 1221 2426 appellasse,
1240 2339 1323 2424 quin
1382 2383 1409 2404 ,.

158 2447 260 2513 etiam
284 2470 408 2513 nornen
439 2448 510 2514 eius
535 2448 741 2535 (Pontonous
764 2480 784 2538 η
810 2451 871 2515 178
896 2457 928 2515 et
952 2448 1052 2536 saep.)
1076 2448 1149 2513 aliis
1179 2448 1216 2511 in
1243 2445 1323 2510 locis

158 2577 227 2620 non
250 2577 324 2620 raro
340 2563 628 2621 commemoratur.
669 2557 786 2636 Causa,
805 2578 864 2622 cur
880 2558 1032 2622 Minerva
1048 2577 1082 2620 se
1100 2553 1322 2630 admiscuerit,

157 2662 194 2726 in
218 2662 398 2748 epiphania
430 2663 478 2730 19¹
503 2662 545 2728 ab
575 2663 647 2749 ipso
671 2670 769 2749 poeta
800 2665 964 2749 explicata
995 2668 1044 2728 est
1074 2662 1133 2749 (vs.
1159 2663 1178 2725 9
1209 2663 1324 2728 νόστον

156 2762 287 2856 Ὀδυσῆι
317 2767 514 2858 μητιόωσα);
549 2777 598 2835 est
628 2771 766 2857 quidem
793 2771 985 2849 iustissima,
1019 2792 1096 2836 cum
1128 2791 1188 2854 per
1219 2774 1324 2832 totam

159 2875 328 2962 Odysseae
351 2877 497 2962 priorem
528 2884 658 2963 partem
681 2878 833 2944 Minerva
855 2878 891 2943 id
921 2900 1029 2942 unum
1052 2882 1139 2962 agat,
1171 2881 1209 2940 ut
1232 2873 1324 2940 'Ulixi

159 2983 304 3049 reditum
327 2991 510 3070 comparet;
541 2984 600 3051 sed
623 2985 792 3070 quomodo
817 2986 873 3064 eis,
899 3007 986 3070 quae
1009 2984 1072 3049 hoc
1095 2984 1131 3047 in
1161 2983 1233 3047 loco
1256 3003 1323 3045 mo·

158 3091 246 3170 litur,
271 3091 416 3157 reditum
439 3093 606 3171 acceleret,
624 3093 762 3157 omnino
785 3114 854 3157 non
878 3093 992 3177 liquet.
1032 3092 1127 3156 Certe
1154 3111 1238 3175 opus
1254 3094 1325 3153 erat
1376 3131 1378 3134 -

159 3199 350 3264 Phaeacum
380 3200 571 3264 contionem
601 3221 795 3279 convocare,
820 3199 878 3265 ubi
911 3199 952 3264 de
975 3199 1084 3264 Ulixis
1116 3197 1223 3262 reditu
1247 3194 1323 3260 deli-

159 3305 338 3384 beraretur,
364 3297 422 3371 sed
445 3306 499 3372 vel
521 3329 569 3372 vs.
594 3337 613 3394 η
640 3308 701 3371 189
726 3329 774 3391 sq.
800 3306 960 3371 Alcinous
991 3305 1154 3391 populum
1185 3325 1219 3367 se
1250 3323 1322 3366 con-

160 3418 359 3479 vocaturum
382 3413 554 3498 promittit,
579 3420 679 3499 atque
702 3415 738 3477 in
761 3413 837 3478 libri
860 3419 888 3477 :l
909 3413 1005 3478 initio
1029 3434 1097 3476 una
1124 3433 1202 3476 cum
1225 3409 1323 3475 Ulixe

158 3520 195 3584 in
218 3520 329 3584 lorum
358 3542 392 3585 se
416 3521 552 3599 confert,
578 3543 722 3606 quorum
745 3527 927 3605 utrumque
959 3521 1030 3584 sine
1054 3518 1116 3583 dea
1139 3518 1184 3582 fit.
1233 3515 1323 3592 Quid

159 3627 261 3713 igitur
293 3626 408 3693 divino
441 3628 564 3692 auxilio
598 3649 682 3714 opus
715 3629 787 3692 est?
842 3627 988 3692 Omnino
1021 3612 1136 3705 1111111;Ι
1156 3625 1323 3689 Phaeaces

161 3734 261 3812 enim,
285 3735 384 3799 etiarn
410 3756 430 3799 a
453 3735 605 3801 Minerva
628 3756 697 3800 non
728 3741 936 3813 convocatos,
968 3739 1190 3800 conventuros
1220 3731 1323 3795 luisse

160 3863 259 3908 nemo
291 3841 436 3926 negabit.
462 3842 640 3907 —Altero
669 3843 706 3907 in
734 3843 815 3921 loco,
844 3842 902 3907 ubi
933 3842 1084 3906 Minerva
1114 3861 1182 3905 non
1210 3839 1323 3902 minus
1351 3853 1353 3857 ·

161 3970 444 4035 supervacaneam
461 3971 495 4015 se
518 3949 664 4034 praebet,
681 3956 779 4036 poeta
802 3971 844 4014 ne
868 3971 1004 4015 causam
1028 3947 1165 4033 quidem
1188 3947 1323 4010 interce-

161 4056 262 4122 dendi
284 4055 423 4134 addidit,
447 4056 596 4121 fortassis
619 4056 704 4136 ideo,
729 4057 820 4142 quod
848 4057 958 4121 omnis
985 4057 1068 4120 ratio
1099 4055 1197 4140 plane
1221 4053 1321 4117 deest.

160 4164 249 4228 Nam
272 4185 350 4229 cum
366 4162 532 4228 Phaeaces
544 4146 602 4230 us.
628 4165 670 4229 35
695 4186 742 4249 sq.
760 4164 1019 4239 constituissent,
1036 4169 1074 4227 ut
1089 4161 1224 4227 Ulixem
1243 4159 1323 4225 navi

162 4271 300 4335 domum
324 4270 537 4349 dimitterent,
555 4292 664 4356 neque
680 4271 750 4336 ludi
774 4292 883 4356 neque
900 4270 1009 4336 Ulixis
1025 4269 1171 4344 victoria,
1189 4267 1322 4353 quibus,

162 4384 199 4442 ut
221 4377 376 4456 concedo,
400 4377 572 4463 hospitum
595 4378 725 4443 animos
749 4377 812 4443 sibi
835 4377 1010 4442 conciliare
1026 4382 1164 4462 poterat,
1182 4375 1224 4440 ad
1241 4374 1322 4439 redi-

162 4491 234 4551 tum
258 4485 329 4551 eius
354 4484 541 4571 quidquam
564 4484 729 4551 valebant.
770 4485 898 4551 Verum
923 4484 1040 4549 eodem
1063 4483 1173 4561 modo,
1191 4503 1258 4567 quo
1277 4481 1322 4545 lu-
