3218 5332
647 313 867 378 ..34-

181 509 293 574 minus
317 510 414 588 valet,
439 508 632 594 quodcum
654 508 783 592 virgine
806 507 910 572 nobili
933 508 1003 571 loco
1025 512 1104 571 nata
1118 504 1344 592 congreditur,

181 616 234 681 eui
262 616 370 700 magis
393 614 547 693 confidat,
584 636 687 700 quam
721 613 856 680 cuilibet
889 613 1017 679 homini
1052 613 1092 677 de
1115 613 1344 683 multitudine.

179 721 297 808 ltaque
320 722 472 788 Minerva
494 721 611 807 primis
633 720 754 799 verbis,
783 719 906 806 quibus
926 719 1059 786 Ulixem
1082 718 1283 805 adloquitur,
1308 740 1346 784 se

179 828 373 914 indigenam
408 836 441 894 et
472 849 493 893 a
523 834 616 914 patre
650 826 755 893 nobili
778 833 976 913 prognatam
1004 847 1075 892 esse
1098 826 1244 892 ostendit
1266 826 1343 915 (29).

179 935 312 1002 Nomen
346 956 425 1002 vero
458 956 528 1000 non
551 933 652 999 addit.
712 933 803 1010 Quid
835 933 925 998 enim
950 933 1051 1011 Ulixi,
1088 933 1147 1018 qui
1170 934 1347 998 neminem

180 1040 428 1107 ePhaeaeihus
451 1040 623 1126 cognitum
646 1039 756 1119 habet,
792 1061 870 1105 cum
893 1039 1033 1125 virginis
1067 1039 1214 1118 nomine,
1249 1062 1345 1126 prae·
1454 1036 1457 1041 ’

179 1148 294 1212 sertim
317 1168 395 1212 eum
418 1152 516 1232 poeta
539 1169 608 1212 non
630 1146 666 1212 id
688 1153 775 1232 agat,
807 1152 845 1211 ut
867 1145 1072 1231 colloquium
1094 1146 1179 1211 illud
1201 1145 1347 1214 alicuius
1454 1148 1457 1154 '

180 1254 342 1319 momenti
376 1253 419 1319 ad
453 1253 646 1339 hospitium,
682 1275 749 1339 quo
781 1253 843 1319 iste
880 1252 971 1338 apud
1004 1252 1171 1318 Phaeaces
1201 1254 1346 1333 truatur,

180 1360 288 1426 faciat.
322 1359 357 1425 Si
372 1381 451 1426 vero
465 1359 574 1426 Ulixis
597 1381 665 1425 non
678 1360 815 1425 interest
837 1380 962 1424 nomen
977 1359 1117 1445 virginis
1132 1380 1346 1444 cognoscere,

179 1466 305 1552 optimo
327 1467 402 1553 jure
418 1486 704 1552 supervacaneum
728 1466 858 1531 censuit
881 1472 979 1552 poeta
1002 1486 1078 1531 eam
1093 1466 1230 1545 omnino
1254 1473 1348 1532 certo

181 1573 318 1638 nomine
340 1573 517 1659 appellare.

274 1679 375 1757 Quod
389 1685 568 1766 postquam
584 1679 770 1765 justissima
784 1679 826 1744 de
841 1700 943 1745 causa
964 1679 1130 1764 virginem
1144 1680 1350 1746 nominatim

180 1808 249 1852 non
272 1787 473 1873 appellatam
497 1807 567 1852 esse
591 1786 826 1866 intelleximus,
849 1785 900 1887 ad·
917 1786 1046 1872 reliqua
1061 1793 1256 1872 argumenta
1282 1810 1348 1854 nos

181 1900 424 1961 convertamus.
471 1893 587 1960 Ulixes
611 1893 762 1959 divinam
784 1893 960 1979 virginem,
992 1893 1088 1958 cuius
1112 1915 1227 1961 veram
1248 1901 1309 1960 nat
1336 1935 1347 1946 ·

67 2010 70 2015 ’
138 2056 141 2060 ,
181 2021 254 2066 ram
274 2021 343 2066 non
364 1986 533 2087 perspicit,
568 2007 607 2065 ut
628 2022 676 2068 vs.
702 2029 721 2069 ν
744 2001 808 2066 318
832 1999 1077 2085 comprobatur,
1112 2022 1237 2087 magna
1265 2023 1348 2067 eum

182 2108 367 2173 reverentia
389 2113 515 2173 tractat.
562 2107 641 2193 Ipsa
663 2128 741 2173 cum
758 2107 855 2174 Ulixe
878 2107 1078 2193 colloquitur
1101 2129 1264 2188 sermone,
1289 2109 1357 2175 cui.

179 2214 377 2280 suavissime
399 2214 554 2279 immixta
577 2221 626 2280 est
649 2215 797 2294 comites,
833 2235 901 2300 qua
933 2213 1064 2279 nobiles
1098 2213 1259 2282 adversus
1288 2217 1348 2282 ho·

180 2321 306 2386 minem
329 2320 504 2400 seniorem,
528 2320 710 2400 urbanitas,
746 2342 812 2406 qua
847 2321 1024 2406 indigenae
1060 2342 1138 2407 erga
1170 2322 1347 2389 hominem

179 2427 403 2513 peregrinum,
426 2427 583 2513 gravitas,
612 2449 681 2513 qua
709 2427 762 2493 dei
790 2427 951 2494 adversus
973 2427 1145 2493 hominem
1168 2430 1348 2496 mortalem

185 2535 234 2598 uti
257 2533 388 2599 debent.
420 2533 595 2600 Praeterea
618 2534 716 2600 deam
739 2533 895 2601 accedere
918 2541 951 2600 et
973 2533 1065 2600 abire
1088 2534 1220 2602 disertis
1233 2536 1348 2604 verbis

181 2646 468 2706 commemoratur.
528 2640 619 2717 Quid
651 2641 786 2707 multa?
817 2679 861 2690 -
894 2641 1012 2706 eadem
1034 2648 1114 2706 sunt
1135 2651 1347 2728 argumenta,

181 2746 299 2813 eadem
322 2753 372 2812 est
394 2768 457 2839 ars,
491 2754 593 2833 atque
627 2748 664 2812 in
693 2749 821 2833 priseae
856 2748 972 2814 aetatis
1007 2749 1222 2829 easnrinibus,
1257 2771 1348 2836 quae

183 2874 286 2940 supra
305 2853 593 2939 perlustravimus.

270 2960 398 3027 Verum
421 2960 630 3046 relinquitur,
661 2968 700 3025 ut
722 2960 763 3027 de
786 2982 896 3040 causa,
928 2983 997 3048 qua
1018 2968 1171 3048 permota
1193 2949 1350 3031 Minerva

182 3067 274 3155 Ulixi
297 3067 498 3152 apparuerit,
534 3067 642 3154 deque
665 3067 721 3134 via
743 3089 782 3133 ao
804 3069 942 3148 ratione,
973 3091 1041 3155 qua
1064 3070 1235 3155 proposita
1257 3092 1349 3136 exse·

183 3180 261 3239 cuta
295 3174 346 3250 sit,
380 3194 591 3259 quaeramus
627 3195 696 3259 qua
727 3174 768 3240 de
795 3196 957 3260 requam
980 3175 1158 3242 difficulter
1180 3177 1350 3264 judicium

182 3281 249 3360 fiat,
273 3280 353 3346 inde
375 3280 587 3370 intellegitur,
623 3280 715 3367 quod
742 3302 811 3346 non
835 3281 965 3360 desunt,
1001 3283 1059 3368 qui
1094 3289 1203 3372 totum
1234 3284 1350 3350 locum
1397 3336 1405 3351 .

185 3386 422 3473 interpolatum
461 3393 634 3466 censeant,
676 3388 768 3454 velut
801 3388 953 3474 Koechly
991 3389 1028 3453 in
1074 3389 1348 3457 dissertationum

183 3493 439 3559 Homeriearum
461 3493 571 3580 prima
593 3493 778 3582 (opuscula,
802 3495 934 3581 Lipsiae
960 3495 1043 3562 1881
1065 3497 1130 3581 vol.
1156 3497 1172 3561 I
1197 3499 1259 3563 173
1272 3498 1347 3586 sq).

182 3601 249 3666 Hic
272 3601 372 3681 enim,
397 3600 488 3687 quod
512 3600 692 3681 „callidus“
718 3601 833 3668 Ulixes
858 3602 1046 3680 Minervam
1082 3603 1122 3669 de
1146 3605 1256 3690 regiae
1279 3605 1350 3691 situ

183 3708 374 3794 interrogat,
409 3713 442 3774 et
475 3708 547 3773 eius
581 3708 759 3795 prudentia
792 3707 972 3794 indignum
1005 3716 1038 3775 et
1060 3731 1350 3797 supervacaneum

185 3815 362 3894 existimat,
398 3815 560 3901 quoniam
591 3815 757 3881 Nausicaa
791 3816 827 3879 in
864 3815 990 3896 libret
1024 3815 1145 3882 dixerit
1173 3817 1351 3904 (300s301)

184 3921 315 3988 Alcinoi
339 3922 478 3987 domum
500 3921 548 3986 ita
569 3921 665 3988 facile
688 3922 824 4008 cognitu
848 3944 928 4002 esse,
964 3928 1003 3988 ut
1025 3922 1126 3989 etiam
1149 3946 1234 4010 puer
1255 3926 1347 3991 viam

181 4034 297 4114 ,posset
333 4034 526 4094 monstrare.
584 4028 650 4094 Sed
693 4029 745 4095 vir
789 4029 1001 4095 doctissimus
1046 4030 1179 4097 videtur
1221 4053 1348 4108 errare:

185 4156 294 4221 neque
348 4135 439 4200 enim
496 4134 540 4200 ad
591 4135 700 4202 Ulixis
752 4135 967 4202 calliditatem
1020 4138 1177 4223 pertinet,
1233 4144 1350 4205 utrum

181 4241 332 4307 alienam
366 4240 484 4306 urbem
515 4242 685 4327 ingressus
718 4242 857 4308 domum
890 4243 1058 4329 insignem
1077 4265 1099 4308 e
1123 4245 1239 4311 ceteris
1262 4245 1350 4312 aedi·

185 4348 268 4414 ficiis
291 4348 491 4434 comparatis
525 4348 597 4434 ipse
620 4356 799 4434 cognoscat
821 4372 865 4415 an
888 4349 1050 4417 viatorem
1074 4352 1244 4436 quendam
1273 4373 1350 4420 con-

185 4455 281 4524 sulat.
339 4455 451 4542 Atque
474 4455 641 4521 Nausicaa
673 4456 748 4541 ipsa
782 4457 916 4523 Ulixem
952 4457 1075 4543 apertis
1108 4458 1219 4525 verbis
1243 4448 1352 4548 'jubet
1436 4496 1441 4507 ·
