3218 5332
685 261 906 327 ...22-

216 459 333 524 aetetis
356 454 565 545 propria'sit.
625 458 723 523 Nunc
758 479 837 524 vero
872 457 1029 523 omnibus
1060 457 1282 522 recentiorum
1305 461 1385 521 tem-

216 588 338 652 porum
361 567 578 651 argumentis,
615 587 702 651 quae
739 565 849 630 adhuc
873 566 1075 641 invenimus,
1112 585 1290 629 commune
1326 571 1385 642 est,

216 673 308 758 quod
331 695 409 738 cum
432 673 572 738 deorum
588 673 835 759 contemptione
859 672 1007 758 quadam
1031 678 1063 736 et
1078 672 1288 756 neglegentia
1311 693 1387 736 con-

215 783 414 866 junguntur,
454 802 532 845 cum
567 779 621 844 dei
656 779 783 864 priscae
818 779 1017 865 epiphaniae
1053 799 1130 842 cum
1165 778 1323 862 religione
1347 800 1387 843 ac

219 888 341 973 pietate
373 886 611 973 depingantur.
670 887 889 952 Manifestum
923 891 1036 950 aut-ern
1059 892 1117 962 est,
1153 906 1389 970 quaecumque

217 993 257 1059 de
292 993 391 1059 rebus
427 994 550 1059 divinis
586 1000 900 1072 commemorantur,
937 1014 975 1058 eo
1011 998 1098 1057 certe
1133 993 1247 1057 referri
1277 1014 1387 1077 posse,

216 1107 330 1166 utrum
354 1101 478 1186 singuli
501 1108 618 1186 poetae
652 1101 731 1166 deos
761 1123 838 1165 cum
861 1101 983 1187 pietate
1007 1121 1051 1165 an
1075 1122 1152 1165 cum
1176 1100 1390 1185 neglegentia

216 1209 440 1275 tractaverint.
499 1209 617 1294 ltaque
653 1209 779 1295 optimo
813 1211 888 1295 jure
912 1208 1146 1273 constituimus
1170 1207 1213 1272 ad
1237 1208 1389 1293 singulas

216 1322 340 1382 aetates
363 1315 599 1381 discernendas
622 1316 838 1401 praecipuam
856 1332 904 1380 ¹ne
928 1315 1038 1380 dicam
1061 1316 1196 1380 unicam
1212 1314 1389 1401 judicandi

216 1430 332 1489 notam
355 1424 391 1488 in
415 1429 589 1509 poetarum
613 1423 735 1508 pietate
760 1430 818 1487 aut
840 1423 1051 1508 neglegentia
1074 1423 1121 1487 ita
1143 1423 1287 1508 positam
1304 1445 1387 1501 esse,

216 1536 254 1596 ut
276 1531 393 1617 priscis
416 1529 519 1608 illam,
543 1530 631 1594 hanc
654 1529 892 1594 recentioribus
916 1528 1113 1594 tribuamus.

306 1691 435 1756 Verum
470 1689 558 1754 dicat
592 1690 762 1775 quispiam
796 1711 876 1756 casu
900 1691 1026 1755 facturn
1050 1712 1130 1768 csse,
1167 1694 1205 1755 ut
1228 1712 1275 1769 ea,
1300 1712 1391 1776 quae

218 1799 258 1863 de
293 1796 456 1862 librorum
490 1827 522 1875 α,
546 1804 569 1877 β
592 1826 619 1880 y,
647 1826 671 1862 ω
709 1796 808 1862 rebus
844 1797 967 1863 divinis
991 1798 1173 1876 effecimus,
1210 1820 1227 1862 e
1259 1797 1392 1864 ratione

216 1906 349 1992 pietatis
373 1911 431 1969 aut
446 1904 676 1989 neglegentiae
693 1904 836 1969 discerni
858 1904 997 1990 possint,
1023 1911 1055 1969 et
1071 1927 1131 1971 suo
1147 1907 1221 1991 jure
1237 1912 1391 1991 quaerat,

216 2035 300 2076 num
336 2034 413 2077 cum
449 2033 561 2076 rerum
595 2017 716 2076 natura
739 2012 934 2084 consentiat,
972 2011 1064 2097 quod
1098 2012 1134 2076 in
1169 2013 1287 2098 priscis
1323 2014 1392 2099 epi·

217 2120 352 2205 phaniis
376 2119 431 2184 dei
454 2119 618 2197 coluntur,
643 2119 679 2182 in
703 2117 942 2184 recentioribus
958 2119 1182 2204 negleguntur
1205 2120 1257 2185 vel
1281 2120 1393 2206 despi-

133 2278 136 2283 .
217 2228 359 2292 ciuntur.
436 2226 529 2290 Haec
564 2232 678 2290 autem
714 2225 816 2310 digna
852 2232 939 2304 sunt,
980 2226 1103 2310 quibus
1140 2227 1306 2312 copiosius
1342 2250 1392 2294 re·

217 2334 431 2420 spondeatur.

307 2494 460 2558 Positum
493 2499 543 2558 est
574 2493 611 2556 in
645 2493 796 2557 humana
829 2500 951 2558 natura
984 2500 1018 2559 et
1046 2495 1200 2559 omnium
1234 2497 1393 2580 gentium

217 2610 249 2667 et
272 2609 463 2686 temporum
498 2601 661 2666 memoria
694 2601 845 2680 traditur,
881 2602 1035 2668 homiues
1066 2601 1107 2666 de
1131 2603 1271 2677 deorum
1294 2604 1392 2670 cultu

217 2710 260 2774 ad
294 2709 540 2794 neglegentiam
575 2708 629 2773 vel
653 2709 937 2794 contemptionem
968 2710 1121 2796 delapsos
1156 2732 1237 2789 esse,
1273 2733 1344 2775 non
1371 2735 1393 2777 a

217 2816 478 2901 contemptione,
504 2814 643 2880 deorum
683 2815 725 2879 ad
763 2816 922 2901 pietatem
960 2818 1168 2903 processisse.
1225 2818 1324 2894 Quod
1362 2820 1393 2884 si

218 2923 405 3008 complures
429 2923 518 2987 locos
542 2922 770 3009 inspiciamus,
806 2924 935 3003 alteros,
972 2924 1030 2989 ubi
1065 2924 1118 2989 dei
1152 2947 1285 2990 summa
1308 2947 1392 2992 cum

217 3031 431 3097 veneratione
466 3030 704 3116 depinguntur,
738 3032 868 3111 alteros,
904 3033 962 3097 ubi
985 3033 1211 3118 negleguntur
1244 3039 1303 3098 aut
1335 3035 1392 3100 de·

218 3139 414 3224 spiciuntur,
458 3138 554 3203 facile
577 3138 614 3201 in
637 3138 873 3222 cogitationem
906 3139 1086 3204 incidimus
1120 3139 1193 3205 illos
1224 3147 1301 3206 ante
1325 3141 1392 3209 hos

218 3251 395 3330 conceptos
420 3266 500 3309 esse.
547 3245 592 3310 At
614 3252 728 3310 tamen
752 3251 810 3324 est,
845 3245 936 3331 quod
959 3245 1077 3325 obstat,
1111 3248 1293 3331 quominus
1317 3250 1391 3315 sola

219 3353 418 3437 ereligione
442 3352 496 3418 vel
519 3352 641 3437 pietate
665 3352 706 3416 de
729 3353 870 3418 Homeri
905 3354 1162 3440 epiphaniarum
1198 3362 1304 3421 aetate
1337 3360 1389 3444 ju-

219 3459 344 3524 dicium
368 3459 540 3523 faciamus.
599 3459 764 3544 Namque,
798 3467 836 3524 ut
859 3482 914 3525 eos
938 3461 1026 3526 locos
1051 3461 1181 3527 silentio
1206 3463 1389 3548 praeterea-

218 3588 305 3650 mus,
341 3565 464 3651 quibus
488 3567 616 3651 priscae
640 3574 750 3652 partes
780 3568 960 3634 imitationi
983 3570 1128 3648 luerunt,
1164 3571 1321 3655 primurn,
1361 3575 1389 3639 si

220 3674 260 3738 (10
284 3673 443 3756 religione
467 3674 586 3758 agitur,
613 3656 822 3759 singulorum
838 3682 1014 3760 poctarum
1037 3677 1166 3742 variam
1189 3679 1338 3745 indolem
1356 3689 1390 3747 et

220 3780 385 3845 sentiendi
408 3767 571 3846 rationem
595 3783 757 3867 respicere
789 3790 926 3868 oportet.
986 3785 1176 3850 Verisimile
1211 3787 1301 3852 enim
1338 3796 1390 3854 est

220 3888 320 3952 etiam
336 3888 574 3954 recentioribus
591 3889 807 3974 temporibus,
831 3891 999 3976 plerisque
1023 3914 1043 3956 a
1066 3891 1204 3958 deorum
1228 3895 1320 3960 cultu
1344 3898 1391 3962 ad

219 3994 464 4080 neglegentiam
489 3996 642 4081 delapsis,
666 3998 846 4063 nonnullos
870 3999 1028 4083 priscam'
1042 4001 1200 4085 pietatem
1224 4001 1287 4067 sibi
1311 4025 1389 4069 con-

221 4123 385 4181 servasse;
423 4102 542 4186 quodsi
578 4103 690 4168 animo
725 4103 823 4169 nobis
854 4105 1021 4190 fingamus
1056 4107 1230 4193 utriusque
1253 4113 1389 4194 generis

220 4216 335 4294 poetas
363 4208 480 4274 eadem
503 4216 609 4274 aetate
633 4211 782 4276 camrina
805 4214 1041 4298 composuisse,
1077 4237 1148 4294 nos,
1173 4217 1231 4301 qui
1256 4216 1296 4282 (10
1321 4219 1390 4286 illis

221 4316 326 4401 poetis
349 4316 398 4379 nil
420 4316 485 4380 nisi
508 4338 633 4396 versus,
670 4340 754 4403 quos
777 4330 1011 4406 conceperunt,
1047 4330 1255 4408 compertum
1287 4324 1390 4393 habe·

183 4418 187 4427 ’
221 4443 306 4501 mus,
332 4422 487 4488 si‘solam
512 4424 706 4508 religionem
736 4425 771 4489 in
795 4426 960 4511 judicium
982 4451 1151 4509 vocamus,
1185 4432 1293 4497 facere
1316 4455 1391 4502 non
