<?xml version="1.0" encoding="UTF-8"?>
<!DOCTYPE html PUBLIC "-//W3C//DTD XHTML 1.0 Transitional//EN"
    "http://www.w3.org/TR/xhtml1/DTD/xhtml1-transitional.dtd">
<html xmlns="http://www.w3.org/1999/xhtml" xml:lang="en" lang="en">
 <head>
  <title>
</title>
<meta http-equiv="Content-Type" content="text/html;charset=utf-8" />
  <meta name='ocr-system' content='tesseract 3.04.00' />
  <meta name='ocr-capabilities' content='ocr_page ocr_carea ocr_par ocr_line ocrx_word'/>
</head>
<body>
  <div class='ocr_page' id='page_1' title='image "./quomododeiinhom00diedgoog_0031.png"; bbox 0 0 3218 5332; ppageno 0'>
   <div class='ocr_carea' id='block_1_1' title="bbox 791 305 1010 371">
    <p class='ocr_par' dir='ltr' id='par_1_1' title="bbox 791 305 1010 371">
     <span class='ocr_line' id='line_1_1' title="bbox 791 305 1010 371; baseline -0.009 -17"><span class='ocrx_word' id='word_1_1' title='bbox 791 305 1010 371; x_wconf 77' lang='lat'>..20-</span> 
     </span>
    </p>
   </div>
   <div class='ocr_carea' id='block_1_2' title="bbox 235 498 1498 3696">
    <p class='ocr_par' dir='ltr' id='par_1_2' title="bbox 316 498 1487 1443">
     <span class='ocr_line' id='line_1_2' title="bbox 317 498 1484 589; baseline -0.004 -21"><span class='ocrx_word' id='word_1_2' title='bbox 317 503 408 589; x_wconf 91' lang='lat' dir='ltr'>quod</span> <span class='ocrx_word' id='word_1_3' title='bbox 442 509 550 589; x_wconf 89' lang='lat' dir='ltr'>poeta,</span> <span class='ocrx_word' id='word_1_4' title='bbox 586 523 795 587; x_wconf 91' lang='lat' dir='ltr'>quamquam</span> <span class='ocrx_word' id='word_1_5' title='bbox 828 502 865 566; x_wconf 91' lang='lat' dir='ltr'>in</span> <span class='ocrx_word' id='word_1_6' title='bbox 888 501 1085 567; x_wconf 85' lang='lat' dir='ltr'>universum</span> <span class='ocrx_word' id='word_1_7' title='bbox 1119 498 1484 585; x_wconf 64' lang='grc' dir='ltr'>1101011111βγ111ς11·</span> 
     </span>
     <span class='ocr_line' id='line_1_3' title="bbox 318 608 1486 686; baseline -0.003 -11"><span class='ocrx_word' id='word_1_8' title='bbox 318 617 474 676; x_wconf 89' lang='lat' dir='ltr'>mentum</span> <span class='ocrx_word' id='word_1_9' title='bbox 497 617 530 675; x_wconf 92' lang='lat' dir='ltr'>et</span> <span class='ocrx_word' id='word_1_10' title='bbox 553 630 674 674; x_wconf 89' lang='lat' dir='ltr'>sonum</span> <span class='ocrx_word' id='word_1_11' title='bbox 699 609 779 674; x_wconf 90' lang='lat' dir='ltr'>satis</span> <span class='ocrx_word' id='word_1_12' title='bbox 801 615 954 673; x_wconf 90' lang='lat' dir='ltr'>accurate</span> <span class='ocrx_word' id='word_1_13' title='bbox 977 608 1126 672; x_wconf 89' lang='lat' dir='ltr'>imitatus</span> <span class='ocrx_word' id='word_1_14' title='bbox 1149 613 1208 686; x_wconf 84' lang='lat' dir='ltr'>cst,</span> <span class='ocrx_word' id='word_1_15' title='bbox 1232 613 1344 671; x_wconf 89' lang='lat' dir='ltr'>tamen</span> <span class='ocrx_word' id='word_1_16' title='bbox 1367 608 1403 671; x_wconf 90' lang='lat' dir='ltr'>in</span> <span class='ocrx_word' id='word_1_17' title='bbox 1419 629 1486 672; x_wconf 90' lang='lat' dir='ltr'>om-</span> 
     </span>
     <span class='ocr_line' id='line_1_4' title="bbox 318 713 1487 801; baseline -0.003 -19"><span class='ocrx_word' id='word_1_18' title='bbox 318 717 419 782; x_wconf 90' lang='lat' dir='ltr'>nibus</span> <span class='ocrx_word' id='word_1_19' title='bbox 457 718 536 795; x_wconf 88' lang='lat' dir='ltr'>lere,</span> <span class='ocrx_word' id='word_1_20' title='bbox 585 737 670 801; x_wconf 91' lang='lat' dir='ltr'>quas</span> <span class='ocrx_word' id='word_1_21' title='bbox 708 714 808 780; x_wconf 90' lang='lat' dir='ltr'>modo</span> <span class='ocrx_word' id='word_1_22' title='bbox 853 713 1134 792; x_wconf 90' lang='lat' dir='ltr'>enumeravimus,</span> <span class='ocrx_word' id='word_1_23' title='bbox 1187 713 1361 799; x_wconf 83' lang='lat' dir='ltr'>judicandi</span> <span class='ocrx_word' id='word_1_24' title='bbox 1398 715 1487 779; x_wconf 84' lang='lat' dir='ltr'>notis</span> 
     </span>
     <span class='ocr_line' id='line_1_5' title="bbox 317 819 1486 907; baseline -0.003 -18"><span class='ocrx_word' id='word_1_25' title='bbox 317 823 471 902; x_wconf 80' lang='lat' dir='ltr'>ostendit,</span> <span class='ocrx_word' id='word_1_26' title='bbox 508 844 579 888; x_wconf 89' lang='lat' dir='ltr'>sese</span> <span class='ocrx_word' id='word_1_27' title='bbox 609 843 679 887; x_wconf 93' lang='lat' dir='ltr'>non</span> <span class='ocrx_word' id='word_1_28' title='bbox 713 822 831 907; x_wconf 81' lang='lat' dir='ltr'>priscis</span> <span class='ocrx_word' id='word_1_29' title='bbox 854 819 1061 906; x_wconf 81' lang='lat' dir='ltr'>temporibus</span> <span class='ocrx_word' id='word_1_30' title='bbox 1082 819 1197 904; x_wconf 91' lang='lat' dir='ltr'>ipsum</span> <span class='ocrx_word' id='word_1_31' title='bbox 1219 820 1332 897; x_wconf 85' lang='lat' dir='ltr'>fuisse,</span> <span class='ocrx_word' id='word_1_32' title='bbox 1367 842 1486 887; x_wconf 90' lang='lat' dir='ltr'>verum</span> 
     </span>
     <span class='ocr_line' id='line_1_6' title="bbox 317 927 1487 1016; baseline -0.003 -20"><span class='ocrx_word' id='word_1_33' title='bbox 317 931 446 1016; x_wconf 90' lang='lat' dir='ltr'>priscae</span> <span class='ocrx_word' id='word_1_34' title='bbox 481 930 598 995; x_wconf 88' lang='lat' dir='ltr'>aetatis</span> <span class='ocrx_word' id='word_1_35' title='bbox 633 950 769 994; x_wconf 89' lang='lat' dir='ltr'>carmen</span> <span class='ocrx_word' id='word_1_36' title='bbox 803 929 973 993; x_wconf 89' lang='lat' dir='ltr'>imitatum</span> <span class='ocrx_word' id='word_1_37' title='bbox 1007 947 1088 995; x_wconf 90' lang='lat' dir='ltr'>esse.</span> <span class='ocrx_word' id='word_1_38' title='bbox 1143 927 1315 992; x_wconf 86' lang='lat' dir='ltr'>Nonnulla</span> <span class='ocrx_word' id='word_1_39' title='bbox 1348 928 1487 1013; x_wconf 90' lang='lat' dir='ltr'>quidem</span> 
     </span>
     <span class='ocr_line' id='line_1_7' title="bbox 316 1034 1487 1124; baseline -0.003 -21"><span class='ocrx_word' id='word_1_40' title='bbox 316 1058 428 1124; x_wconf 89' lang='lat' dir='ltr'>supra,</span> <span class='ocrx_word' id='word_1_41' title='bbox 464 1057 542 1102; x_wconf 91' lang='lat' dir='ltr'>cum</span> <span class='ocrx_word' id='word_1_42' title='bbox 566 1035 783 1121; x_wconf 82' lang='lat' dir='ltr'>epiphaniam</span> <span class='ocrx_word' id='word_1_43' title='bbox 806 1064 830 1102; x_wconf 83' lang='grc' dir='ltr'><strong>ω</strong></span> <span class='ocrx_word' id='word_1_44' title='bbox 854 1041 1082 1113; x_wconf 70' lang='lat' dir='ltr'>tractaremus</span> <span class='ocrx_word' id='word_1_45' title='bbox 1107 1034 1203 1120; x_wconf 87' lang='lat' dir='ltr'>quasi</span> <span class='ocrx_word' id='word_1_46' title='bbox 1237 1041 1487 1120; x_wconf 85' lang='lat' dir='ltr'>praetereuntes</span> 
     </span>
     <span class='ocr_line' id='line_1_8' title="bbox 317 1141 1487 1227; baseline -0.003 -18"><span class='ocrx_word' id='word_1_47' title='bbox 317 1144 540 1222; x_wconf 85' lang='lat' dir='ltr'>offendimus;</span> <span class='ocrx_word' id='word_1_48' title='bbox 596 1142 720 1208; x_wconf 90' lang='lat' dir='ltr'>etenim</span> <span class='ocrx_word' id='word_1_49' title='bbox 765 1142 985 1227; x_wconf 88' lang='lat' dir='ltr'>cognovimus</span> <span class='ocrx_word' id='word_1_50' title='bbox 1035 1141 1258 1206; x_wconf 81' lang='lat' dir='ltr'>recentiorum</span> <span class='ocrx_word' id='word_1_51' title='bbox 1295 1148 1487 1227; x_wconf 90' lang='lat' dir='ltr'>temporum</span> 
     </span>
     <span class='ocr_line' id='line_1_9' title="bbox 316 1246 1487 1336; baseline -0.001 -21"><span class='ocrx_word' id='word_1_52' title='bbox 316 1251 493 1336; x_wconf 88' lang='lat' dir='ltr'>proprium</span> <span class='ocrx_word' id='word_1_53' title='bbox 516 1271 587 1315; x_wconf 89' lang='lat' dir='ltr'>esse</span> <span class='ocrx_word' id='word_1_54' title='bbox 611 1248 690 1315; x_wconf 92' lang='lat' dir='ltr'>deos</span> <span class='ocrx_word' id='word_1_55' title='bbox 714 1269 869 1334; x_wconf 90' lang='lat' dir='ltr'>perverse</span> <span class='ocrx_word' id='word_1_56' title='bbox 892 1253 1029 1334; x_wconf 86' lang='lat' dir='ltr'>agentes</span> <span class='ocrx_word' id='word_1_57' title='bbox 1060 1249 1168 1314; x_wconf 79' lang='lat' dir='ltr'>tacere</span> <span class='ocrx_word' id='word_1_58' title='bbox 1191 1246 1256 1333; x_wconf 84' lang='lat' dir='ltr'>(pg.</span> <span class='ocrx_word' id='word_1_59' title='bbox 1286 1248 1337 1336; x_wconf 79' lang='lat'>17)</span> <span class='ocrx_word' id='word_1_60' title='bbox 1369 1256 1428 1314; x_wconf 92' lang='lat' dir='ltr'>aut</span> <span class='ocrx_word' id='word_1_61' title='bbox 1450 1250 1487 1314; x_wconf 94' lang='lat' dir='ltr'>in</span> 
     </span>
     <span class='ocr_line' id='line_1_10' title="bbox 319 1354 980 1443; baseline -0.003 -21"><span class='ocrx_word' id='word_1_62' title='bbox 319 1358 428 1442; x_wconf 91' lang='lat' dir='ltr'>primo</span> <span class='ocrx_word' id='word_1_63' title='bbox 452 1358 524 1422; x_wconf 91' lang='lat' dir='ltr'>loco</span> <span class='ocrx_word' id='word_1_64' title='bbox 548 1379 617 1422; x_wconf 92' lang='lat' dir='ltr'>non</span> <span class='ocrx_word' id='word_1_65' title='bbox 640 1356 800 1422; x_wconf 90' lang='lat' dir='ltr'>collocare</span> <span class='ocrx_word' id='word_1_66' title='bbox 825 1354 890 1442; x_wconf 87' lang='lat' dir='ltr'>(pg.</span> <span class='ocrx_word' id='word_1_67' title='bbox 920 1356 980 1443; x_wconf 76' lang='lat'>15),</span> 
     </span>
    </p>

    <p class='ocr_par' dir='ltr' id='par_1_3' title="bbox 235 1462 1498 3696">
     <span class='ocr_line' id='line_1_11' title="bbox 406 1462 1488 1548; baseline -0.001 -18"><span class='ocrx_word' id='word_1_68' title='bbox 406 1464 544 1530; x_wconf 80' lang='lat' dir='ltr'>Accedit</span> <span class='ocrx_word' id='word_1_69' title='bbox 567 1471 681 1529; x_wconf 87' lang='lat' dir='ltr'>autem</span> <span class='ocrx_word' id='word_1_70' title='bbox 715 1464 781 1529; x_wconf 86' lang='lat' dir='ltr'>aha</span> <span class='ocrx_word' id='word_1_71' title='bbox 816 1485 869 1529; x_wconf 92' lang='lat' dir='ltr'>res</span> <span class='ocrx_word' id='word_1_72' title='bbox 893 1469 925 1528; x_wconf 92' lang='lat' dir='ltr'>et</span> <span class='ocrx_word' id='word_1_73' title='bbox 948 1485 988 1528; x_wconf 89' lang='lat' dir='ltr'>ea</span> <span class='ocrx_word' id='word_1_74' title='bbox 1009 1462 1200 1548; x_wconf 87' lang='lat' dir='ltr'>gravissimi</span> <span class='ocrx_word' id='word_1_75' title='bbox 1229 1465 1412 1532; x_wconf 88' lang='lat' dir='ltr'>momenti:</span> <span class='ocrx_word' id='word_1_76' title='bbox 1446 1465 1488 1529; x_wconf 91' lang='lat' dir='ltr'>In</span> 
     </span>
     <span class='ocr_line' id='line_1_12' title="bbox 318 1570 1486 1658; baseline -0.001 -21"><span class='ocrx_word' id='word_1_77' title='bbox 318 1572 499 1658; x_wconf 89' lang='lat' dir='ltr'>epiphania</span> <span class='ocrx_word' id='word_1_78' title='bbox 520 1579 544 1653; x_wconf 82' lang='grc' dir='ltr'>β</span> <span class='ocrx_word' id='word_1_79' title='bbox 566 1602 586 1656; x_wconf 74' lang='lat'><em>7</em></span> <span class='ocrx_word' id='word_1_80' title='bbox 609 1572 762 1637; x_wconf 90' lang='lat' dir='ltr'>Minerva</span> <span class='ocrx_word' id='word_1_81' title='bbox 784 1570 1038 1656; x_wconf 87' lang='lat' dir='ltr'>diligentissime</span> <span class='ocrx_word' id='word_1_82' title='bbox 1070 1576 1175 1648; x_wconf 88' lang='lat' dir='ltr'>cavet,</span> <span class='ocrx_word' id='word_1_83' title='bbox 1208 1591 1251 1635; x_wconf 91' lang='lat' dir='ltr'>ne</span> <span class='ocrx_word' id='word_1_84' title='bbox 1274 1579 1486 1656; x_wconf 84' lang='lat' dir='ltr'>agnoscatur,</span> 
     </span>
     <span class='ocr_line' id='line_1_13' title="bbox 317 1678 1489 1765; baseline 0 -22"><span class='ocrx_word' id='word_1_85' title='bbox 317 1700 428 1764; x_wconf 92' lang='lat' dir='ltr'>neque</span> <span class='ocrx_word' id='word_1_86' title='bbox 463 1679 650 1765; x_wconf 86' lang='lat' dir='ltr'>quidquam</span> <span class='ocrx_word' id='word_1_87' title='bbox 673 1685 732 1744; x_wconf 93' lang='lat' dir='ltr'>aut</span> <span class='ocrx_word' id='word_1_88' title='bbox 754 1679 834 1745; x_wconf 83' lang='lat' dir='ltr'>lacit</span> <span class='ocrx_word' id='word_1_89' title='bbox 857 1686 916 1744; x_wconf 89' lang='lat' dir='ltr'>aut</span> <span class='ocrx_word' id='word_1_90' title='bbox 938 1678 1095 1764; x_wconf 91' lang='lat' dir='ltr'>loquitur,</span> <span class='ocrx_word' id='word_1_91' title='bbox 1132 1699 1199 1762; x_wconf 93' lang='lat' dir='ltr'>quo</span> <span class='ocrx_word' id='word_1_92' title='bbox 1230 1679 1307 1763; x_wconf 92' lang='lat' dir='ltr'>quis</span> <span class='ocrx_word' id='word_1_93' title='bbox 1336 1678 1489 1745; x_wconf 89' lang='lat' dir='ltr'>divinam</span> 
     </span>
     <span class='ocr_line' id='line_1_14' title="bbox 317 1785 1489 1873; baseline 0 -22"><span class='ocrx_word' id='word_1_94' title='bbox 317 1792 475 1851; x_wconf 88' lang='lat' dir='ltr'>naturam</span> <span class='ocrx_word' id='word_1_95' title='bbox 497 1787 684 1873; x_wconf 89' lang='lat' dir='ltr'>perspiciat.</span> <span class='ocrx_word' id='word_1_96' title='bbox 732 1786 827 1865; x_wconf 90' lang='lat' dir='ltr'>Item,</span> <span class='ocrx_word' id='word_1_97' title='bbox 852 1787 912 1871; x_wconf 91' lang='lat' dir='ltr'>qui</span> <span class='ocrx_word' id='word_1_98' title='bbox 935 1785 1059 1851; x_wconf 93' lang='lat' dir='ltr'>librum</span> <span class='ocrx_word' id='word_1_99' title='bbox 1083 1815 1105 1852; x_wconf 86' lang='lat' dir='ltr'>a</span> <span class='ocrx_word' id='word_1_100' title='bbox 1129 1785 1326 1871; x_wconf 88' lang='lat' dir='ltr'>composuit,</span> <span class='ocrx_word' id='word_1_101' title='bbox 1351 1807 1489 1871; x_wconf 88' lang='lat' dir='ltr'>operam</span> 
     </span>
     <span class='ocr_line' id='line_1_15' title="bbox 320 1893 1489 1979; baseline 0.003 -22"><span class='ocrx_word' id='word_1_102' title='bbox 320 1895 467 1973; x_wconf 82' lang='lat' dir='ltr'>navavit,</span> <span class='ocrx_word' id='word_1_103' title='bbox 499 1915 546 1972; x_wconf 90' lang='lat' dir='ltr'>ne</span> <span class='ocrx_word' id='word_1_104' title='bbox 581 1894 662 1960; x_wconf 91' lang='lat' dir='ltr'>deae</span> <span class='ocrx_word' id='word_1_105' title='bbox 694 1915 774 1960; x_wconf 88' lang='lat' dir='ltr'>vera</span> <span class='ocrx_word' id='word_1_106' title='bbox 796 1901 919 1959; x_wconf 90' lang='lat' dir='ltr'>natura</span> <span class='ocrx_word' id='word_1_107' title='bbox 941 1893 1120 1958; x_wconf 80' lang='lat' dir='ltr'>manifesta</span> <span class='ocrx_word' id='word_1_108' title='bbox 1142 1900 1338 1979; x_wconf 88' lang='lat' dir='ltr'>appareret;</span> <span class='ocrx_word' id='word_1_109' title='bbox 1373 1893 1489 1979; x_wconf 88' lang='lat' dir='ltr'>itaque</span> 
     </span>
     <span class='ocr_line' id='line_1_16' title="bbox 317 1999 1489 2087; baseline 0.002 -22"><span class='ocrx_word' id='word_1_110' title='bbox 317 2009 498 2086; x_wconf 88' lang='lat' dir='ltr'>postquam</span> <span class='ocrx_word' id='word_1_111' title='bbox 507 2007 660 2067; x_wconf 90' lang='lat' dir='ltr'>accurate</span> <span class='ocrx_word' id='word_1_112' title='bbox 671 2000 855 2087; x_wconf 87' lang='lat' dir='ltr'>descripsit,</span> <span class='ocrx_word' id='word_1_113' title='bbox 867 1999 1036 2086; x_wconf 92' lang='lat' dir='ltr'>quomodo</span> <span class='ocrx_word' id='word_1_114' title='bbox 1044 1999 1403 2066; x_wconf 90' lang='lat' dir='ltr'>unacumTelemacho</span> <span class='ocrx_word' id='word_1_115' title='bbox 1411 2022 1489 2087; x_wconf 88' lang='lat' dir='ltr'>cpu-</span> 
     </span>
     <span class='ocr_line' id='line_1_17' title="bbox 318 2106 1490 2187; baseline 0.001 -16"><span class='ocrx_word' id='word_1_116' title='bbox 318 2108 386 2172; x_wconf 89' lang='lat' dir='ltr'>lata</span> <span class='ocrx_word' id='word_1_117' title='bbox 409 2108 461 2187; x_wconf 84' lang='lat' dir='ltr'>sit,</span> <span class='ocrx_word' id='word_1_118' title='bbox 494 2106 682 2175; x_wconf 90' lang='lat' dir='ltr'>Minervam</span> <span class='ocrx_word' id='word_1_119' title='bbox 706 2116 743 2173; x_wconf 90' lang='lat' dir='ltr'>ut</span> <span class='ocrx_word' id='word_1_120' title='bbox 773 2108 947 2173; x_wconf 90' lang='lat' dir='ltr'>hominem</span> <span class='ocrx_word' id='word_1_121' title='bbox 974 2106 1151 2171; x_wconf 87' lang='lat' dir='ltr'>mortalem</span> <span class='ocrx_word' id='word_1_122' title='bbox 1174 2106 1214 2171; x_wconf 92' lang='lat' dir='ltr'>de</span> <span class='ocrx_word' id='word_1_123' title='bbox 1239 2107 1348 2172; x_wconf 81' lang='lat' dir='ltr'>Ulixis</span> <span class='ocrx_word' id='word_1_124' title='bbox 1379 2108 1490 2174; x_wconf 90' lang='lat' dir='ltr'>reditu</span> 
     </span>
     <span class='ocr_line' id='line_1_18' title="bbox 320 2213 1489 2308; baseline 0.002 -29"><span class='ocrx_word' id='word_1_125' title='bbox 320 2214 533 2281; x_wconf 84' lang='lat' dir='ltr'>dubitantem</span> <span class='ocrx_word' id='word_1_126' title='bbox 556 2216 637 2307; x_wconf 62' lang='lat' dir='ltr'>tacit</span> <span class='ocrx_word' id='word_1_127' title='bbox 658 2215 733 2302; x_wconf 79' lang='grc'>(267</span> <span class='ocrx_word' id='word_1_128' title='bbox 752 2238 813 2301; x_wconf 89' lang='lat' dir='ltr'>sq,</span> <span class='ocrx_word' id='word_1_129' title='bbox 838 2215 902 2279; x_wconf 80' lang='grc'>287</span> <span class='ocrx_word' id='word_1_130' title='bbox 921 2213 991 2308; x_wconf 87' lang='lat' dir='ltr'>sq).</span> <span class='ocrx_word' id='word_1_131' title='bbox 1025 2213 1091 2279; x_wconf 84' lang='lat' dir='ltr'>Sed</span> <span class='ocrx_word' id='word_1_132' title='bbox 1113 2215 1149 2278; x_wconf 92' lang='lat' dir='ltr'>in</span> <span class='ocrx_word' id='word_1_133' title='bbox 1172 2213 1316 2300; x_wconf 90' lang='lat' dir='ltr'>ineptias</span> <span class='ocrx_word' id='word_1_134' title='bbox 1338 2215 1489 2296; x_wconf 89' lang='lat' dir='ltr'>incurrit,</span> 
     </span>
     <span class='ocr_line' id='line_1_19' title="bbox 235 2321 1491 2407; baseline 0.002 -20"><span class='ocrx_word' id='word_1_135' title='bbox 235 2361 239 2368; x_wconf 87' lang='lat'><strong>·</strong></span> <span class='ocrx_word' id='word_1_136' title='bbox 320 2323 482 2407; x_wconf 83' lang='lat' dir='ltr'>quoniam</span> <span class='ocrx_word' id='word_1_137' title='bbox 506 2323 569 2388; x_wconf 90' lang='lat' dir='ltr'>dea</span> <span class='ocrx_word' id='word_1_138' title='bbox 591 2322 684 2388; x_wconf 90' lang='lat' dir='ltr'>haud</span> <span class='ocrx_word' id='word_1_139' title='bbox 706 2323 754 2388; x_wconf 90' lang='lat' dir='ltr'>ita</span> <span class='ocrx_word' id='word_1_140' title='bbox 776 2322 883 2388; x_wconf 92' lang='lat' dir='ltr'>multo</span> <span class='ocrx_word' id='word_1_141' title='bbox 912 2329 989 2387; x_wconf 91' lang='lat' dir='ltr'>ante</span> <span class='ocrx_word' id='word_1_142' title='bbox 1013 2321 1218 2407; x_wconf 70' lang='grc' dir='ltr'>(20οω205)</span> <span class='ocrx_word' id='word_1_143' title='bbox 1252 2343 1378 2407; x_wconf 87' lang='lat' dir='ltr'>magna</span> <span class='ocrx_word' id='word_1_144' title='bbox 1411 2344 1491 2389; x_wconf 91' lang='lat' dir='ltr'>cum</span> 
     </span>
     <span class='ocr_line' id='line_1_20' title="bbox 320 2429 1490 2516; baseline 0.003 -22"><span class='ocrx_word' id='word_1_145' title='bbox 320 2431 485 2515; x_wconf 85' lang='lat' dir='ltr'>gravitate</span> <span class='ocrx_word' id='word_1_146' title='bbox 507 2431 690 2498; x_wconf 86' lang='lat' dir='ltr'>vaticinata</span> <span class='ocrx_word' id='word_1_147' title='bbox 713 2437 763 2496; x_wconf 89' lang='lat' dir='ltr'>est</span> <span class='ocrx_word' id='word_1_148' title='bbox 784 2430 922 2496; x_wconf 87' lang='lat' dir='ltr'>Ulixem</span> <span class='ocrx_word' id='word_1_149' title='bbox 945 2429 1132 2494; x_wconf 88' lang='lat' dir='ltr'>rediturum</span> <span class='ocrx_word' id='word_1_150' title='bbox 1155 2450 1235 2494; x_wconf 91' lang='lat' dir='ltr'>esse.</span> <span class='ocrx_word' id='word_1_151' title='bbox 1283 2429 1341 2495; x_wconf 91' lang='lat' dir='ltr'>Vs.</span> <span class='ocrx_word' id='word_1_152' title='bbox 1358 2429 1423 2495; x_wconf 83' lang='grc'>225</span> <span class='ocrx_word' id='word_1_153' title='bbox 1440 2453 1490 2516; x_wconf 89' lang='lat' dir='ltr'>sq.</span> 
     </span>
     <span class='ocr_line' id='line_1_21' title="bbox 318 2536 1492 2621; baseline 0.002 -21"><span class='ocrx_word' id='word_1_154' title='bbox 318 2536 508 2602; x_wconf 86' lang='lat' dir='ltr'>Minervam</span> <span class='ocrx_word' id='word_1_155' title='bbox 531 2546 568 2603; x_wconf 93' lang='lat' dir='ltr'>ut</span> <span class='ocrx_word' id='word_1_156' title='bbox 591 2538 764 2602; x_wconf 91' lang='lat' dir='ltr'>hominem</span> <span class='ocrx_word' id='word_1_157' title='bbox 787 2536 964 2602; x_wconf 88' lang='lat' dir='ltr'>mortalem</span> <span class='ocrx_word' id='word_1_158' title='bbox 986 2536 1066 2601; x_wconf 82' lang='lat' dir='ltr'>facit</span> <span class='ocrx_word' id='word_1_159' title='bbox 1089 2542 1316 2621; x_wconf 89' lang='lat' dir='ltr'>quaerentem,</span> <span class='ocrx_word' id='word_1_160' title='bbox 1349 2537 1492 2621; x_wconf 88' lang='lat' dir='ltr'>quinam</span> 
     </span>
     <span class='ocr_line' id='line_1_22' title="bbox 319 2643 1490 2744; baseline 0.003 -37"><span class='ocrx_word' id='word_1_161' title='bbox 319 2643 395 2744; x_wconf 71' lang='lat' dir='ltr'>sint,</span> <span class='ocrx_word' id='word_1_162' title='bbox 421 2645 479 2729; x_wconf 93' lang='lat' dir='ltr'>qui</span> <span class='ocrx_word' id='word_1_163' title='bbox 503 2645 591 2711; x_wconf 89' lang='lat' dir='ltr'>ludis</span> <span class='ocrx_word' id='word_1_164' title='bbox 607 2646 819 2732; x_wconf 89' lang='lat' dir='ltr'>dapibusque</span> <span class='ocrx_word' id='word_1_165' title='bbox 836 2645 1050 2723; x_wconf 90' lang='lat' dir='ltr'>delectentur,</span> <span class='ocrx_word' id='word_1_166' title='bbox 1075 2651 1176 2729; x_wconf 90' lang='lat' dir='ltr'>atque</span> <span class='ocrx_word' id='word_1_167' title='bbox 1200 2665 1383 2728; x_wconf 88' lang='lat' dir='ltr'>quemnam</span> <span class='ocrx_word' id='word_1_168' title='bbox 1400 2645 1490 2711; x_wconf 90' lang='lat' dir='ltr'>diem</span> 
     </span>
     <span class='ocr_line' id='line_1_23' title="bbox 317 2750 1498 2837; baseline 0.002 -22"><span class='ocrx_word' id='word_1_169' title='bbox 317 2751 441 2816; x_wconf 85' lang='lat' dir='ltr'>festum</span> <span class='ocrx_word' id='word_1_170' title='bbox 475 2759 585 2837; x_wconf 89' lang='lat' dir='ltr'>agant.</span> <span class='ocrx_word' id='word_1_171' title='bbox 648 2752 714 2818; x_wconf 83' lang='lat' dir='ltr'>Sed</span> <span class='ocrx_word' id='word_1_172' title='bbox 748 2753 801 2817; x_wconf 82' lang='lat' dir='ltr'>in¹</span> <span class='ocrx_word' id='word_1_173' title='bbox 819 2752 964 2837; x_wconf 89' lang='lat' dir='ltr'>ineptias</span> <span class='ocrx_word' id='word_1_174' title='bbox 998 2751 1121 2816; x_wconf 88' lang='lat' dir='ltr'>iterum</span> <span class='ocrx_word' id='word_1_175' title='bbox 1142 2750 1292 2830; x_wconf 88' lang='lat' dir='ltr'>incurrit,</span> <span class='ocrx_word' id='word_1_176' title='bbox 1328 2753 1498 2837; x_wconf 88' lang='lat' dir='ltr'>quoniam·</span> 
     </span>
     <span class='ocr_line' id='line_1_24' title="bbox 316 2857 1492 2926; baseline 0.004 -5"><span class='ocrx_word' id='word_1_177' title='bbox 316 2857 407 2922; x_wconf 93' lang='lat' dir='ltr'>haud</span> <span class='ocrx_word' id='word_1_178' title='bbox 443 2859 491 2923; x_wconf 91' lang='lat' dir='ltr'>ita</span> <span class='ocrx_word' id='word_1_179' title='bbox 524 2859 630 2924; x_wconf 92' lang='lat' dir='ltr'>multo</span> <span class='ocrx_word' id='word_1_180' title='bbox 659 2866 736 2924; x_wconf 90' lang='lat' dir='ltr'>ante</span> <span class='ocrx_word' id='word_1_181' title='bbox 767 2881 788 2924; x_wconf 99' lang='lat' dir='ltr'>a</span> <span class='ocrx_word' id='word_1_182' title='bbox 811 2858 1011 2924; x_wconf 85' lang='lat' dir='ltr'>Telemacho</span> <span class='ocrx_word' id='word_1_183' title='bbox 1025 2858 1087 2922; x_wconf 29' lang='lat' dir='ltr'>,his</span> <span class='ocrx_word' id='word_1_184' title='bbox 1111 2857 1152 2922; x_wconf 93' lang='lat' dir='ltr'>de</span> <span class='ocrx_word' id='word_1_185' title='bbox 1176 2857 1276 2923; x_wconf 87' lang='lat' dir='ltr'>rebus</span> <span class='ocrx_word' id='word_1_186' title='bbox 1299 2860 1418 2924; x_wconf 86' lang='lat' dir='ltr'>certior</span> <span class='ocrx_word' id='word_1_187' title='bbox 1441 2869 1492 2926; x_wconf 92' lang='lat' dir='ltr'>est</span> 
     </span>
     <span class='ocr_line' id='line_1_25' title="bbox 316 2965 1489 3053; baseline 0.004 -25"><span class='ocrx_word' id='word_1_188' title='bbox 316 2965 405 3031; x_wconf 81' lang='lat' dir='ltr'>facta</span> <span class='ocrx_word' id='word_1_189' title='bbox 428 2965 486 3052; x_wconf 82' lang='lat' dir='ltr'>(vs.</span> <span class='ocrx_word' id='word_1_190' title='bbox 517 2966 577 3031; x_wconf 84' lang='lat'>158</span> <span class='ocrx_word' id='word_1_191' title='bbox 601 2974 673 3053; x_wconf 75' lang='lat' dir='ltr'>sq).</span> <span class='ocrx_word' id='word_1_192' title='bbox 731 2966 788 3031; x_wconf 88' lang='lat' dir='ltr'>Vs.</span> <span class='ocrx_word' id='word_1_193' title='bbox 818 2965 990 3029; x_wconf 78' lang='grc'>187-212</span> <span class='ocrx_word' id='word_1_194' title='bbox 1026 2965 1214 3031; x_wconf 90' lang='lat' dir='ltr'>Minervam</span> <span class='ocrx_word' id='word_1_195' title='bbox 1243 2971 1281 3029; x_wconf 93' lang='lat' dir='ltr'>ut</span> <span class='ocrx_word' id='word_1_196' title='bbox 1310 2965 1489 3053; x_wconf 89' lang='lat' dir='ltr'>hospitem,</span> 
     </span>
     <span class='ocr_line' id='line_1_26' title="bbox 317 3071 1490 3158; baseline 0.003 -22"><span class='ocrx_word' id='word_1_197' title='bbox 317 3071 377 3158; x_wconf 92' lang='lat' dir='ltr'>qui</span> <span class='ocrx_word' id='word_1_198' title='bbox 400 3093 460 3157; x_wconf 90' lang='lat' dir='ltr'>per</span> <span class='ocrx_word' id='word_1_199' title='bbox 491 3072 631 3157; x_wconf 91' lang='lat' dir='ltr'>longum</span> <span class='ocrx_word' id='word_1_200' title='bbox 655 3072 815 3157; x_wconf 90' lang='lat' dir='ltr'>temporis</span> <span class='ocrx_word' id='word_1_201' title='bbox 839 3071 986 3156; x_wconf 90' lang='lat' dir='ltr'>spatium</span> <span class='ocrx_word' id='word_1_202' title='bbox 1010 3071 1131 3137; x_wconf 87' lang='lat' dir='ltr'>absens</span> <span class='ocrx_word' id='word_1_203' title='bbox 1154 3071 1227 3150; x_wconf 87' lang='lat' dir='ltr'>fuit,</span> <span class='ocrx_word' id='word_1_204' title='bbox 1252 3072 1332 3137; x_wconf 82' lang='lat' dir='ltr'>lacit</span> <span class='ocrx_word' id='word_1_205' title='bbox 1353 3073 1490 3140; x_wconf 90' lang='lat' dir='ltr'>interro-</span> 
     </span>
     <span class='ocr_line' id='line_1_27' title="bbox 318 3179 1489 3265; baseline 0.004 -22"><span class='ocrx_word' id='word_1_206' title='bbox 318 3185 465 3265; x_wconf 86' lang='lat' dir='ltr'>gantem,</span> <span class='ocrx_word' id='word_1_207' title='bbox 489 3199 574 3243; x_wconf 92' lang='lat' dir='ltr'>num</span> <span class='ocrx_word' id='word_1_208' title='bbox 597 3179 819 3244; x_wconf 87' lang='lat' dir='ltr'>Telemachus</span> <span class='ocrx_word' id='word_1_209' title='bbox 843 3199 877 3244; x_wconf 91' lang='lat' dir='ltr'>re</span> <span class='ocrx_word' id='word_1_210' title='bbox 900 3199 981 3244; x_wconf 87' lang='lat' dir='ltr'>vera</span> <span class='ocrx_word' id='word_1_211' title='bbox 1004 3179 1112 3244; x_wconf 84' lang='lat' dir='ltr'>Ulixis</span> <span class='ocrx_word' id='word_1_212' title='bbox 1136 3179 1224 3243; x_wconf 89' lang='lat' dir='ltr'>filius</span> <span class='ocrx_word' id='word_1_213' title='bbox 1248 3179 1298 3244; x_wconf 89' lang='lat' dir='ltr'>sit.</span> <span class='ocrx_word' id='word_1_214' title='bbox 1358 3180 1424 3247; x_wconf 85' lang='lat' dir='ltr'>Sed</span> <span class='ocrx_word' id='word_1_215' title='bbox 1452 3183 1489 3248; x_wconf 92' lang='lat' dir='ltr'>in</span> 
     </span>
     <span class='ocr_line' id='line_1_28' title="bbox 316 3285 1489 3372; baseline 0.005 -22"><span class='ocrx_word' id='word_1_216' title='bbox 316 3287 460 3372; x_wconf 87' lang='lat' dir='ltr'>ineptias</span> <span class='ocrx_word' id='word_1_217' title='bbox 483 3286 620 3350; x_wconf 89' lang='lat' dir='ltr'>tertium</span> <span class='ocrx_word' id='word_1_218' title='bbox 642 3285 792 3364; x_wconf 91' lang='lat' dir='ltr'>incurrit,</span> <span class='ocrx_word' id='word_1_219' title='bbox 828 3287 990 3371; x_wconf 89' lang='lat' dir='ltr'>quoniam</span> <span class='ocrx_word' id='word_1_220' title='bbox 1024 3292 1124 3351; x_wconf 89' lang='lat' dir='ltr'>antea</span> <span class='ocrx_word' id='word_1_221' title='bbox 1147 3286 1308 3352; x_wconf 89' lang='lat' dir='ltr'>adversus</span> <span class='ocrx_word' id='word_1_222' title='bbox 1344 3309 1421 3353; x_wconf 91' lang='lat' dir='ltr'>eum</span> <span class='ocrx_word' id='word_1_223' title='bbox 1446 3289 1489 3357; x_wconf 89' lang='lat' dir='ltr'>dc</span> 
     </span>
     <span class='ocr_line' id='line_1_29' title="bbox 316 3393 1489 3478; baseline 0.004 -21"><span class='ocrx_word' id='word_1_224' title='bbox 316 3393 371 3459; x_wconf 90' lang='lat' dir='ltr'>avi</span> <span class='ocrx_word' id='word_1_225' title='bbox 384 3393 540 3478; x_wconf 71' lang='lat' dir='ltr'>&#39;hospitio</span> <span class='ocrx_word' id='word_1_226' title='bbox 564 3400 597 3458; x_wconf 89' lang='lat' dir='ltr'>et</span> <span class='ocrx_word' id='word_1_227' title='bbox 619 3393 723 3478; x_wconf 90' lang='lat' dir='ltr'>patris</span> <span class='ocrx_word' id='word_1_228' title='bbox 758 3393 868 3458; x_wconf 91' lang='lat' dir='ltr'>reditu</span> <span class='ocrx_word' id='word_1_229' title='bbox 890 3394 937 3458; x_wconf 89' lang='lat' dir='ltr'>ita</span> <span class='ocrx_word' id='word_1_230' title='bbox 960 3394 1071 3460; x_wconf 90' lang='lat' dir='ltr'>locuta</span> <span class='ocrx_word' id='word_1_231' title='bbox 1094 3400 1152 3474; x_wconf 88' lang='lat' dir='ltr'>est,</span> <span class='ocrx_word' id='word_1_232' title='bbox 1189 3400 1227 3459; x_wconf 92' lang='lat' dir='ltr'>ut</span> <span class='ocrx_word' id='word_1_233' title='bbox 1263 3394 1304 3459; x_wconf 92' lang='lat' dir='ltr'>de</span> <span class='ocrx_word' id='word_1_234' title='bbox 1339 3396 1410 3461; x_wconf 89' lang='lat' dir='ltr'>eius</span> <span class='ocrx_word' id='word_1_235' title='bbox 1441 3397 1489 3462; x_wconf 91' lang='lat' dir='ltr'>in-</span> 
     </span>
     <span class='ocr_line' id='line_1_30' title="bbox 317 3486 1488 3588; baseline 0.003 -24"><span class='ocrx_word' id='word_1_236' title='bbox 317 3500 488 3585; x_wconf 89' lang='lat' dir='ltr'>genuitate</span> <span class='ocrx_word' id='word_1_237' title='bbox 511 3486 654 3583; x_wconf 37' lang='lat' dir='ltr'>omnino,¹</span> <span class='ocrx_word' id='word_1_238' title='bbox 674 3522 743 3565; x_wconf 92' lang='lat' dir='ltr'>non</span> <span class='ocrx_word' id='word_1_239' title='bbox 766 3501 936 3567; x_wconf 82' lang='lat' dir='ltr'>videretur</span> <span class='ocrx_word' id='word_1_240' title='bbox 961 3501 1122 3568; x_wconf 89' lang='lat' dir='ltr'>dubitare.</span> <span class='ocrx_word' id='word_1_241' title='bbox 1178 3501 1420 3588; x_wconf 76' lang='lat' dir='ltr'>Quidigitur?</span> <span class='ocrx_word' id='word_1_242' title='bbox 1445 3543 1488 3554; x_wconf 90' lang='lat'><em>-</em></span> 
     </span>
     <span class='ocr_line' id='line_1_31' title="bbox 315 3607 1490 3696; baseline 0.003 -23"><span class='ocrx_word' id='word_1_243' title='bbox 315 3607 370 3673; x_wconf 86' lang='lat' dir='ltr'>An</span> <span class='ocrx_word' id='word_1_244' title='bbox 405 3613 564 3692; x_wconf 89' lang='lat' dir='ltr'>putamus</span> <span class='ocrx_word' id='word_1_245' title='bbox 596 3607 670 3672; x_wconf 91' lang='lat' dir='ltr'>illas</span> <span class='ocrx_word' id='word_1_246' title='bbox 705 3608 849 3694; x_wconf 91' lang='lat' dir='ltr'>ineptias</span> <span class='ocrx_word' id='word_1_247' title='bbox 883 3615 1017 3694; x_wconf 86' lang='lat' dir='ltr'>poetam</span> <span class='ocrx_word' id='word_1_248' title='bbox 1037 3609 1263 3688; x_wconf 84' lang='lat' dir='ltr'>commisisse,</span> <span class='ocrx_word' id='word_1_249' title='bbox 1299 3610 1367 3694; x_wconf 91' lang='lat' dir='ltr'>qui,</span> <span class='ocrx_word' id='word_1_250' title='bbox 1401 3632 1490 3696; x_wconf 90' lang='lat' dir='ltr'>quae</span> 
     </span>
    </p>
   </div>
   <div class='ocr_carea' id='block_1_3' title="bbox 181 3712 1489 3800">
    <p class='ocr_par' dir='ltr' id='par_1_4' title="bbox 181 3712 1489 3800">
     <span class='ocr_line' id='line_1_32' title="bbox 181 3712 1489 3800; baseline 0.005 -24"><span class='ocrx_word' id='word_1_251' title='bbox 181 3743 183 3746; x_wconf 44' lang='lat'><em>⁴</em></span> <span class='ocrx_word' id='word_1_252' title='bbox 314 3712 387 3798; x_wconf 90' lang='lat' dir='ltr'>ipse</span> <span class='ocrx_word' id='word_1_253' title='bbox 410 3714 524 3779; x_wconf 91' lang='lat' dir='ltr'>animo</span> <span class='ocrx_word' id='word_1_254' title='bbox 548 3713 611 3779; x_wconf 91' lang='lat' dir='ltr'>sibi</span> <span class='ocrx_word' id='word_1_255' title='bbox 628 3715 838 3800; x_wconf 87' lang='lat' dir='ltr'>excogitavit,</span> <span class='ocrx_word' id='word_1_256' title='bbox 863 3737 941 3782; x_wconf 89' lang='lat' dir='ltr'>cum</span> <span class='ocrx_word' id='word_1_257' title='bbox 956 3717 1098 3781; x_wconf 89' lang='lat' dir='ltr'>aliorum</span> <span class='ocrx_word' id='word_1_258' title='bbox 1120 3716 1308 3782; x_wconf 87' lang='lat' dir='ltr'>carminum</span> <span class='ocrx_word' id='word_1_259' title='bbox 1324 3718 1489 3783; x_wconf 90' lang='lat' dir='ltr'>rationem</span> 
     </span>
    </p>
   </div>
   <div class='ocr_carea' id='block_1_4' title="bbox 279 3820 1489 4016">
    <p class='ocr_par' dir='ltr' id='par_1_5' title="bbox 279 3820 1489 4016">
     <span class='ocr_line' id='line_1_33' title="bbox 316 3820 1489 3910; baseline 0.006 -27"><span class='ocrx_word' id='word_1_260' title='bbox 316 3840 385 3884; x_wconf 92' lang='lat' dir='ltr'>non</span> <span class='ocrx_word' id='word_1_261' title='bbox 408 3820 556 3899; x_wconf 90' lang='lat' dir='ltr'>haberet,</span> <span class='ocrx_word' id='word_1_262' title='bbox 580 3821 733 3887; x_wconf 89' lang='lat' dir='ltr'>versibus</span> <span class='ocrx_word' id='word_1_263' title='bbox 756 3823 918 3888; x_wconf 83' lang='lat' dir='ltr'>inclusit?</span> <span class='ocrx_word' id='word_1_264' title='bbox 949 3824 1021 3909; x_wconf 85' lang='lat' dir='ltr'>Age</span> <span class='ocrx_word' id='word_1_265' title='bbox 1045 3824 1208 3888; x_wconf 90' lang='lat' dir='ltr'>memoria</span> <span class='ocrx_word' id='word_1_266' title='bbox 1231 3831 1371 3909; x_wconf 87' lang='lat' dir='ltr'>repetas,</span> <span class='ocrx_word' id='word_1_267' title='bbox 1396 3826 1489 3910; x_wconf 95' lang='lat' dir='ltr'>quod</span> 
     </span>
     <span class='ocr_line' id='line_1_34' title="bbox 279 3916 1488 4016; baseline 0.007 -26"><span class='ocrx_word' id='word_1_268' title='bbox 279 3916 281 3920; x_wconf 38' lang='lat'><em>⁴</em></span> <span class='ocrx_word' id='word_1_269' title='bbox 316 3926 371 3991; x_wconf 91' lang='lat' dir='ltr'>hic</span> <span class='ocrx_word' id='word_1_270' title='bbox 409 3927 481 4012; x_wconf 90' lang='lat' dir='ltr'>ipse</span> <span class='ocrx_word' id='word_1_271' title='bbox 517 3934 616 4013; x_wconf 91' lang='lat' dir='ltr'>poeta</span> <span class='ocrx_word' id='word_1_272' title='bbox 648 3950 765 3994; x_wconf 90' lang='lat' dir='ltr'>versus</span> <span class='ocrx_word' id='word_1_273' title='bbox 807 3952 910 4015; x_wconf 92' lang='lat' dir='ltr'>quam</span> <span class='ocrx_word' id='word_1_274' title='bbox 945 3931 1107 4016; x_wconf 90' lang='lat' dir='ltr'>plurimos</span> <span class='ocrx_word' id='word_1_275' title='bbox 1152 3952 1193 3996; x_wconf 82' lang='lat' dir='ltr'>ex</span> <span class='ocrx_word' id='word_1_276' title='bbox 1228 3931 1384 3998; x_wconf 88' lang='lat' dir='ltr'>omnibus</span> <span class='ocrx_word' id='word_1_277' title='bbox 1418 3933 1488 3998; x_wconf 87' lang='lat' dir='ltr'>fere</span> 
     </span>
    </p>
   </div>
   <div class='ocr_carea' id='block_1_5' title="bbox 313 4032 1488 4542">
    <p class='ocr_par' dir='ltr' id='par_1_6' title="bbox 313 4032 1488 4542">
     <span class='ocr_line' id='line_1_35' title="bbox 318 4032 1487 4124; baseline 0.006 -26"><span class='ocrx_word' id='word_1_278' title='bbox 318 4032 488 4118; x_wconf 87' lang='lat' dir='ltr'>Odysseae</span> <span class='ocrx_word' id='word_1_279' title='bbox 512 4032 663 4119; x_wconf 87' lang='lat' dir='ltr'>partibus</span> <span class='ocrx_word' id='word_1_280' title='bbox 686 4036 820 4121; x_wconf 90' lang='lat' dir='ltr'>recepit,</span> <span class='ocrx_word' id='word_1_281' title='bbox 845 4036 935 4122; x_wconf 94' lang='lat' dir='ltr'>quod</span> <span class='ocrx_word' id='word_1_282' title='bbox 960 4037 1177 4122; x_wconf 88' lang='lat' dir='ltr'>epiphaniam</span> <span class='ocrx_word' id='word_1_283' title='bbox 1199 4045 1264 4122; x_wconf 75' lang='lat' dir='ltr'>ssy</span> <span class='ocrx_word' id='word_1_284' title='bbox 1292 4039 1487 4124; x_wconf 87' lang='lat' dir='ltr'>saepissime</span> 
     </span>
     <span class='ocr_line' id='line_1_36' title="bbox 313 4133 1488 4212; baseline 0.007 -8"><span class='ocrx_word' id='word_1_285' title='bbox 313 4147 348 4205; x_wconf 92' lang='lat' dir='ltr'>et</span> <span class='ocrx_word' id='word_1_286' title='bbox 369 4139 617 4205; x_wconf 89' lang='lat' dir='ltr'>accuratissime</span> <span class='ocrx_word' id='word_1_287' title='bbox 640 4141 790 4207; x_wconf 88' lang='lat' dir='ltr'>imitatus</span> <span class='ocrx_word' id='word_1_288' title='bbox 814 4150 871 4207; x_wconf 90' lang='lat' dir='ltr'>est.</span> <span class='ocrx_word' id='word_1_289' title='bbox 910 4143 1030 4208; x_wconf 91' lang='lat' dir='ltr'>Nonne</span> <span class='ocrx_word' id='word_1_290' title='bbox 1050 4133 1488 4212; x_wconf 63' lang='lat' dir='ltr'>videtur-verisimillimum</span> 
     </span>
     <span class='ocr_line' id='line_1_37' title="bbox 316 4234 1488 4339; baseline 0.006 -28"><span class='ocrx_word' id='word_1_291' title='bbox 316 4267 394 4311; x_wconf 91' lang='lat' dir='ltr'>eum</span> <span class='ocrx_word' id='word_1_292' title='bbox 417 4245 472 4310; x_wconf 87' lang='lat' dir='ltr'>vel</span> <span class='ocrx_word' id='word_1_293' title='bbox 495 4246 558 4311; x_wconf 88' lang='lat' dir='ltr'>hac</span> <span class='ocrx_word' id='word_1_294' title='bbox 582 4246 622 4311; x_wconf 92' lang='lat' dir='ltr'>de</span> <span class='ocrx_word' id='word_1_295' title='bbox 647 4269 681 4312; x_wconf 89' lang='lat' dir='ltr'>re</span> <span class='ocrx_word' id='word_1_296' title='bbox 704 4246 806 4313; x_wconf 90' lang='lat' dir='ltr'>libros</span> <span class='ocrx_word' id='word_1_297' title='bbox 821 4234 875 4332; x_wconf 60' lang='lat' dir='ltr'>{ty</span> <span class='ocrx_word' id='word_1_298' title='bbox 899 4254 1052 4314; x_wconf 88' lang='lat' dir='ltr'>secutum</span> <span class='ocrx_word' id='word_1_299' title='bbox 1076 4252 1171 4315; x_wconf 73' lang='lat' dir='ltr'>esse?</span> <span class='ocrx_word' id='word_1_300' title='bbox 1188 4290 1222 4298; x_wconf 93' lang='lat'>-</span> <span class='ocrx_word' id='word_1_301' title='bbox 1240 4252 1324 4316; x_wconf 91' lang='lat' dir='ltr'>Mihi</span> <span class='ocrx_word' id='word_1_302' title='bbox 1348 4253 1488 4339; x_wconf 91' lang='lat' dir='ltr'>quidem</span> 
     </span>
     <span class='ocr_line' id='line_1_38' title="bbox 316 4352 1488 4442; baseline 0.009 -27"><span class='ocrx_word' id='word_1_303' title='bbox 316 4359 445 4440; x_wconf 84' lang='lat' dir='ltr'>constat</span> <span class='ocrx_word' id='word_1_304' title='bbox 478 4352 570 4417; x_wconf 92' lang='lat' dir='ltr'>hunc</span> <span class='ocrx_word' id='word_1_305' title='bbox 605 4360 748 4438; x_wconf 90' lang='lat' dir='ltr'>poetam,</span> <span class='ocrx_word' id='word_1_306' title='bbox 788 4376 871 4436; x_wconf 89' lang='lat' dir='ltr'>cum</span> <span class='ocrx_word' id='word_1_307' title='bbox 904 4356 941 4420; x_wconf 93' lang='lat' dir='ltr'>in</span> <span class='ocrx_word' id='word_1_308' title='bbox 976 4356 1157 4442; x_wconf 90' lang='lat' dir='ltr'>epiphania</span> <span class='ocrx_word' id='word_1_309' title='bbox 1190 4365 1214 4438; x_wconf 75' lang='grc' dir='ltr'><em>β</em></span> <span class='ocrx_word' id='word_1_310' title='bbox 1244 4385 1262 4440; x_wconf 78' lang='grc' dir='ltr'><em>γ</em></span> <span class='ocrx_word' id='word_1_311' title='bbox 1297 4359 1488 4426; x_wconf 90' lang='lat' dir='ltr'>Minervam</span> 
     </span>
     <span class='ocr_line' id='line_1_39' title="bbox 314 4461 1487 4542; baseline 0.005 -15"><span class='ocrx_word' id='word_1_312' title='bbox 314 4479 430 4527; x_wconf 80' lang='lat' dir='ltr'>veram</span> <span class='ocrx_word' id='word_1_313' title='bbox 464 4465 622 4525; x_wconf 89' lang='lat' dir='ltr'>naturam</span> <span class='ocrx_word' id='word_1_314' title='bbox 645 4461 809 4527; x_wconf 90' lang='lat' dir='ltr'>celantem</span> <span class='ocrx_word' id='word_1_315' title='bbox 832 4462 969 4542; x_wconf 90' lang='lat' dir='ltr'>videret,</span> <span class='ocrx_word' id='word_1_316' title='bbox 1005 4463 1208 4531; x_wconf 87' lang='lat' dir='ltr'>intellexisse</span> <span class='ocrx_word' id='word_1_317' title='bbox 1238 4465 1340 4532; x_wconf 86' lang='lat' dir='ltr'>etiam</span> <span class='ocrx_word' id='word_1_318' title='bbox 1362 4467 1426 4532; x_wconf 93' lang='lat' dir='ltr'>hac</span> <span class='ocrx_word' id='word_1_319' title='bbox 1449 4468 1487 4533; x_wconf 92' lang='lat' dir='ltr'>in</span> 
     </span>
    </p>
   </div>
   <div class='ocr_carea' id='block_1_6' title="bbox 0 0 1614 5332">
    <p class='ocr_par' dir='ltr' id='par_1_7' title="bbox 0 0 1614 5332">
     <span class='ocr_line' id='line_1_40' title="bbox 0 0 1614 5332; baseline 0 0"><span class='ocrx_word' id='word_1_320' title='bbox 0 0 1614 5332; x_wconf 95' lang='lat' dir='ltr'> </span> 
     </span>
    </p>
   </div>
  </div>
 </body>
</html>
