3218 5332
601 1149 743 1253 Caput
769 1150 805 1233 Ι.

593 1317 599 1327 ’
655 1383 742 1502 ςι.

212 1527 328 1591 Graeci
354 1527 432 1591 inde
455 1527 498 1592 ab
522 1549 560 1592 ea
584 1534 700 1606 aetate,
725 1527 784 1592 ubi
801 1528 950 1614 primum
972 1550 1024 1594 res
1048 1535 1106 1593 aut
1128 1529 1290 1593 memoria

122 1633 260 1698 traditas
289 1641 347 1699 aut
370 1635 542 1700 communi
566 1635 723 1720 opinione
747 1634 978 1720 comprobatas
1010 1635 1193 1721 judicando
1217 1657 1289 1700 exa·
1417 1701 1420 1706 ,

123 1743 253 1806 minare
277 1747 467 1826 coeperunt,
500 1759 634 1807 summa
657 1762 735 1806 cum
758 1741 931 1827 diligentia
965 1763 1003 1807 ac
1036 1741 1216 1807 subtilitate
1241 1763 1288 1820 ea,

122 1870 209 1934 quae
242 1848 411 1913 Homerus
442 1849 483 1914 de
519 1849 589 1913 deis
621 1847 787 1933 rebusque
819 1848 942 1914 divinis
957 1849 1084 1927 tradit,
1115 1849 1290 1934 perlustra-

122 1962 259 2023 verunt:
294 1956 387 2020 testis
420 1962 469 2020 est
501 1955 738 2041 Xenophanes,
780 1955 838 2040 qui
869 1956 1057 2020 Homerum
1092 1955 1290 2040 gravissimo

121 2063 303 2148 impietatis
325 2064 464 2127 crimine
488 2063 598 2148 arguit
622 2061 724 2149 (apud
741 2061 828 2127 Sext.
854 2063 950 2147 Emp.
965 2062 1039 2128 adv.
1066 2063 1222 2127 mathem.
1240 2062 1291 2125 lX

125 2172 196 2247 193,
234 2171 292 2236 cir.
324 2171 424 2234 Arist.
466 2176 551 2255 poet.
586 2169 701 2234 lleob
729 2169 793 2257 37),
826 2170 919 2234 testis
954 2169 1058 2249 Plato,
1099 2169 1157 2254 qui
1192 2170 1291 2233 istam

121 2277 269 2341 maxime
292 2275 334 2341 ob
359 2298 495 2371 causam
520 2297 598 2340 eum
621 2298 639 2341 e
662 2298 696 2341 re
720 2276 856 2362 publica
888 2298 949 2341 sua
979 2282 1144 2341 remotum
1175 2275 1288 2341 voluit.

121 2384 239 2469 Neque
280 2384 404 2448 mirum
446 2390 504 2462 est,
545 2384 636 2469 quod
678 2384 778 2448 etiam
813 2384 848 2448 in
883 2379 1197 2462 Alexandrinorum,
1233 2383 1291 2467 qui

59 2493 60 2496 ’
120 2475 296 2570 uocantur,
333 2491 467 2556 scholiis
500 2491 592 2556 haud
627 2513 735 2577 pauca
767 2498 908 2571 exstant,
953 2492 1043 2556 unde
1081 2490 1292 2576 cognoscitur

125 2599 214 2663 illius
252 2599 369 2663 aetatis
409 2600 497 2665 viros
540 2588 654 2664 ddctos
700 2599 779 2664 satis
817 2600 949 2665 varium
986 2599 1023 2663 in
1061 2598 1201 2663 modum
1238 2598 1291 2662 his

126 2705 244 2770 studiis
267 2705 469 2771 incubuisse.
525 2707 704 2771 Rationem
734 2714 847 2771 autem
878 2714 911 2772 et
939 2707 1040 2785 viam,
1073 2727 1140 2791 qua
1170 2727 1222 2770 res
1246 2704 1291 2768 di-

126 2813 223 2877 vinas
246 2813 529 2898 perlustraverint,
564 2822 601 2880 ut
624 2816 875 2900 perspiciamus,
907 2803 948 2880 ea
977 2835 1154 2900 congerere
1184 2813 1290 2891 liceat,

127 2941 214 3005 quae
238 2920 433 2986 scholiastae
449 2921 490 2986 de
507 2921 578 2987 deis
601 2922 636 2986 in
652 2930 870 3009 conspectum
885 2922 1063 2987 hominum
1078 2919 1291 2987 venientibus

126 3027 298 3092 adnotant.
325 3082 329 3093 .

217 3136 351 3200 Etenim
375 3136 459 3202 duas
482 3137 613 3203 inibant
640 3138 712 3205 vias
736 3138 778 3203 ad
802 3138 934 3226 divinas
958 3158 1010 3202 res
1033 3135 1293 3222 intellegendas:

127 3243 276 3320 alteram,
294 3264 371 3327 qua,
397 3266 483 3328 quae
500 3245 669 3310 Homerus
685 3245 831 3323 tradidit,
856 3266 915 3330 per
930 3244 1120 3329 allegoriam
1139 3243 1292 3329 explana-

128 3349 219 3426 bant,
254 3350 402 3429 alteram,
428 3341 505 3435 qua,
530 3373 617 3438 quae
648 3352 710 3417 sibi
734 3351 1049 3417 commemoratione
1080 3350 1183 3436 digna
1204 3349 1292 3415 vide·

127 3457 261 3534 bantur,
292 3457 451 3523 adnotare
474 3460 621 3551 contenti
654 3447 804 3545 ipsorum
834 3458 998 3525 sentiendi
1028 3459 1191 3523 rationem
1215 3478 1294 3521 cum

128 3565 185 3643 eia,
211 3585 297 3649 quae
321 3564 412 3650 apud
435 3566 623 3631 Homerum
647 3567 769 3651 scripta
792 3565 955 3652 legebant,
980 3563 1227 3650 comparabant.
1251 3602 1293 3612 -

130 3671 197 3748 Qui
237 3693 288 3736 res
324 3672 455 3738 divinas
495 3674 669 3759 allegorice
703 3674 973 3759 interpretantur,
1013 3694 1073 3758 per
1106 3669 1294 3737 Minervam

129 3799 241 3843 aerem
264 3778 422 3866 (scholii
446 3781 528 3862 adst
550 3780 626 3868 433)
650 3781 703 3847 vel
726 3782 925 3867 sapientiam
954 3764 1119 3870 (pp‘dvpocg
1136 3779 1235 3844 schol.
1254 3778 1291 3842 E.

130 3884 173 3948 ad
197 3915 219 3952 α
244 3887 295 3950 96.
320 3888 394 3951 270.
423 3889 548 3971 γ372;
584 3888 683 3952 schol.
709 3887 747 3951 A.
774 3889 801 3951 B
835 3888 877 3952 ad
900 3887 929 3951 A
956 3887 1029 3974 195)
1061 3886 1115 3952 vel
1146 3892 1293 3950 mentem

130 3992 225 4078 (νοῦς.
261 3994 361 4059 schol.
387 3995 414 4058 B
438 3995 481 4059 ad
504 3996 531 4059 B
558 3997 644 4076 156),
674 4017 734 4081 per
756 3995 960 4060 Mercurium
988 3994 1150 4059 rationem
1182 3993 1292 4080 (λόγος.

73 4138 76 4145 .
130 4101 231 4166 schol.
250 4102 293 4165 H.
313 4102 344 4177 Q
367 4100 410 4165 ad
425 4132 443 4169 κ
460 4102 534 4183 277)
559 4102 738 4186 significari
762 4102 897 4181 docent;
923 4102 1085 4167 adnotant
1107 4100 1294 4165 Minervam

129 4207 205 4272 ideo
229 4208 374 4294 epitheto
398 4207 625 4300 ὀβριμοπάτρη
649 4204 764 4274 ornari
777 4213 786 4236 ‘
804 4213 885 4277 διότι
909 4218 965 4297 τῆς
989 4211 1168 4298 φρονήσεως
1185 4208 1294 4297 πατήρ

132 4317 242 4395 ὅνοῧς
258 4318 356 4383 ἐστιν’
382 4317 495 4396 (schol.
514 4317 542 4380 Ε
558 4316 601 4381 ad
618 4347 639 4384 a
660 4316 722 4404 10),
747 4317 986 4383 Telemachum
1009 4316 1084 4381 ideo
1107 4315 1295 4380 Minervam

131 4426 279 4514 primum
313 4425 492 4510 aspexisse,
532 4424 623 4511 quod
665 4424 829 4510 sapientia
862 4425 949 4489 inter
983 4424 1128 4509 reliquos
1166 4421 1297 4490 floreret

1082 4565 1085 4570 ·
1123 4533 1136 4594 1
