3218 5332
686 305 907 370 -19-

216 502 291 586 ipsa
314 522 382 566 non
399 501 471 565 sine
486 501 649 585 gravitate
666 500 877 585 colloquitur,
903 500 1111 566 venerationi
1128 521 1166 566 ac
1183 501 1389 570 reverentiae

218 611 269 687 sit,
305 608 348 673 ad
372 608 566 694 Olympum,
603 607 693 673 unde
726 607 904 686 devolavit,
942 607 1063 672 redeat.
1124 608 1164 671 In
1199 608 1391 673 recentioris

218 713 639 807 0010100010110100010)
673 715 785 780 statim
808 714 1010 799 agnoscitur,
1047 715 1181 799 cognita
1215 715 1302 780 inter
1334 715 1389 780 ho-

219 824 327 888 mines
352 829 588 900 commoratur,
613 843 700 908 quae
725 821 788 887 sibi
812 822 995 906 proposuit,
1027 822 1140 907 inepte
1174 843 1212 886 ac
1236 843 1391 907 perverse

221 931 362 1009 conficit,
386 928 591 1007 hominibus
617 928 820 1014 quibuscum
836 928 1060 994 familiaritate
1083 928 1231 1014 quadam
1254 931 1391 1015 conjun-

218 1039 320 1123 gitur,
360 1037 569 1104 venerationi
608 1057 646 1102 ac
685 1036 890 1102 reverentiae
928 1057 998 1101 non
1036 1043 1095 1115 est,
1143 1057 1160 1100 e
1199 1043 1286 1101 terra
1322 1058 1392 1101 non

218 1144 368 1209 discedit.
1371 1207 1374 1212 ,

307 1252 407 1318 Nunc
441 1272 530 1330 vere,
567 1271 645 1316 cum
679 1272 728 1329 00,
766 1249 856 1315 unde
887 1251 1027 1336 proiecti
1050 1272 1177 1330 sumne,
1214 1251 1393 1319 redeamus

219 1359 286 1446 (011.
314 1381 367 1444 pg.
397 1360 459 1439 10),
485 1380 533 1437 00,
570 1379 656 1443 quae
686 1357 779 1422 libris
802 1364 826 1438 β
848 1386 867 1441 y
891 1365 923 1422 et
946 1387 971 1426 ω
994 1359 1195 1444 comparatis
1220 1358 1255 1422 in
1279 1380 1391 1423 rerum

221 1467 414 1532 divinarum
442 1465 561 1530 notitia
592 1472 624 1529 et
647 1465 837 1550 cognitione
859 1466 1073 1550 proiecimus,
1105 1465 1149 1530 ad
1173 1465 1390 1551 epiphaniam

219 1604 241 1642 α
275 1575 399 1647 iterum
434 1571 672 1638 recensendam
710 1571 940 1651 adhibeamus
981 1571 1101 1659 ecquid
1140 1573 1246 1658 plura,
1287 1594 1390 1658 quam

221 1702 323 1767 supra
338 1681 435 1745 nobis
451 1680 591 1765 contigit
606 1682 673 1764 (pg.
689 1681 708 1742 9
725 1678 799 1765 sq),
824 1679 1016 1744 recentioris
1039 1680 1156 1744 aetatis
1180 1680 1322 1765 vestigia
1343 1681 1390 1744 in·

219 1789 405 1853 veniamus.
464 1788 538 1853 Hac
577 1787 613 1850 in
652 1807 686 1850 re
725 1786 874 1871 primum
897 1786 1213 1853 commemoratione
1249 1786 1390 1872 dignum

217 1894 361 1973 videtur,
399 1894 490 1979 quod
525 1899 657 1979 praeter
690 1893 834 1978 ineptias
869 1914 971 1977 supra
1007 1891 1172 1957 exhibitas
1201 1901 1389 1973 occurrunt,

219 2023 308 2086 quae
332 2024 401 2066 non
424 2003 538 2066 minus
561 2022 717 2087 perverse
753 2021 857 2085 quam
886 2000 928 2064 in
952 2000 1036 2064 libro
1060 2030 1084 2066 ω
1109 2007 1317 2079 enarrantur,
1354 2008 1392 2065 ut

218 2110 398 2194 praecipue
428 2109 580 2173 Diintzer
611 2106 774 2185 inlibris,
805 2108 865 2192 qui
888 2106 1116 2172 inscribuntur
1149 2107 1390 2186 „Homerische

221 2215 517 2300 Abhandlungen“
543 2216 632 2302 (Lpz.
661 2213 757 2302 1872)
781 2219 813 2279 01
844 2214 1053 2293 „Kirchhoffi
1077 2215 1209 2307 Kophly
1233 2214 1304 2279 mid
1339 2216 1392 2281 die

219 2323 388 2409 Odyssee“
413 2323 517 2410 (Kbln
542 2323 643 2410 1872)
666 2322 787 2387 docuit.
837 2321 930 2398 Quas
954 2343 1032 2386 cum
1055 2343 1171 2387 omnes
1196 2337 1391 2388 enumerare

219 2431 359 2516 longum
384 2431 435 2507 sit,
461 2430 641 2495 nonnullas
665 2430 783 2495 saltem
806 2430 965 2496 afferam:
990 2430 1081 2514 proci
1105 2429 1222 2494 eodem
1243 2437 1391 2514 tempore
1505 2490 1510 2499 .

219 2537 307 2602 ludis
331 2536 538 2603 delectantur
561 2544 594 2602 et
616 2543 809 2615 manantur,
834 2558 902 2622 quo
927 2537 1014 2602 servi
1037 2536 1168 2602 tabulas
1192 2537 1236 2602 ad
1251 2558 1391 2602 coenam

219 2652 417 2730 comparant
440 2644 473 2731 (α
501 2644 702 2732 roo-112),
727 2644 948 2709 Telemachus
971 2665 1041 2708 non
1064 2645 1251 2709 Mentorem
1274 2646 1391 2730 procul

146 2784 147 2787 ¹
201 2762 239 2817 'a
262 2753 372 2837 procis
396 2751 569 2816 considere
592 2751 696 2838 jubet,
722 2751 781 2816 sed
802 2752 875 2837 ipse
898 2751 956 2834 (vs.
981 2750 1053 2839 132)
1077 2772 1189 2837 prope¹
1204 2724 1391 2818 Mentorem

219 2859 336 2945 procul
359 2859 505 2944 aprocis
521 2858 674 2937 considit,
699 2879 868 2944 quaeres
893 2859 1143 2944 perversissime
1166 2859 1269 2924 relata
1291 2860 1390 2944 pluri·

219 2967 284 3031 mis
307 2966 546 3052 interpretibus
570 2966 748 3031 offensioni
772 2966 844 3030 1011.
903 2966 1078 3031 Ρ10010100
1101 2967 1251 3052 singulos
1273 2989 1390 3032 versus

220 3094 257 3138 00
281 3073 384 3139 verba
418 3073 677 3152 animadvertas
709 3073 802 3140 velut
835 3094 972 3139 versum
995 3103 1017 3140 α
1043 3075 1117 3152 222,
1153 3096 1255 3160 quem
1290 3074 1389 3159 plane

220 3180 425 3264 singularem
439 3201 510 3245 esse
526 3180 661 3245 Ellendt
676 3179 814 3245 adnotat
831 3178 894 3265 (pg.
917 3177 977 3266 14),
1001 3186 1034 3244 01
1049 3201 1167 3245 vocem
1182 3183 1387 3266 ἐποίχεσθαι,

216 3308 307 3372 quae
342 3287 411 3352 0010
445 3287 481 3351 in
515 3308 625 3371 versu·
640 3317 661 3354 α
689 3287 751 3353 143
777 3307 856 3351 cum
879 3285 1002 3364 dative,
1037 3287 1119 3352 alias
1150 3308 1281 3372 semper
1311 3311 1389 3354 cum

219 3394 409 3460 accusativo
433 3393 649 3477 coniungitur
672 3392 742 3480 (011.
757 3393 805 3457 La
817 3393 942 3472 Rochc,
966 3393 1091 3458 homer.
1118 3395 1195 3460 Ace.
1220 3418 1274 3480 pg.
1303 3397 1386 3487 116).

219 3501 286 3565 sed
308 3501 391 3566 haec
413 3501 587 3566 hactenus.
1048 3578 1051 3585 ,

309 3609 359 3673 De
382 3608 482 3673 rebus
499 3608 633 3688 divinis
658 3608 749 3695 quod
765 3609 918 3675 Minerva
939 3610 1031 3695 justa
1050 3609 1091 3676 de
1108 3631 1209 3675 causa
1224 3611 1388 3676 auxilium

219 3718 292 3794 1011,
318 3715 410 3801 quod
431 3717 468 3779 in
492 3722 615 3780 terram
640 3716 782 3796 devolat,
807 3717 897 3781 unde
921 3739 956 3782 10
973 3718 1124 3783 confecta
1139 3718 1271 3797 recedit,
1297 3719 1387 3804 quod

220 3830 427 3889 commutata
438 3831 586 3908 apparet,
599 3824 692 3910 quod
703 3825 874 3910 incognita
884 3825 971 3890 inter
982 3825 1137 3890 mortales
1147 3832 1276 3892 versata
1288 3825 1387 3892 disce-

220 3930 303 3996 dens
320 3931 458 3996 demum
473 3930 698 4016 adgnoscitur,
715 3931 900 4016 quodcum
917 3932 1116 3996 Telemacho
1137 3932 1224 3996 comi
1239 3933 1387 4017 quadam

220 4061 298 4105 cum
310 4039 472 4124 gravitate
485 4038 693 4124 colloquitur,
708 4045 741 4103 01
754 4039 797 4103 ab
809 4039 865 4103 illo
877 4039 1023 4105 invicem
1035 4061 1112 4104 cum
1124 4039 1246 4124 pietate
1258 4039 1385 4120 colitur,

220 4147 313 4233 quod
323 4147 360 4211 in
372 4146 569 4212 universum
581 4167 629 4225 00,
647 4167 717 4231 qua
727 4167 788 4231 par
800 4152 858 4225 001,
873 4146 1067 4211 auctoritate
1079 4146 1216 4210 fruitur:
1240 4147 1386 4212 1010010-

220 4255 278 4318 nia
293 4275 371 4318 eum
395 4253 576 4339 epiphania
598 4260 657 4337 β)
681 4236 903 4319 consentiunt.
937 4252 1003 4319 Sed
1026 4253 1118 4338 quod
1141 4274 1251 4338 supra,
1276 4261 1314 4317 ut
1336 4275 1386 4319 cc-

220 4383 466 4447 gnosceremus,
501 4383 571 4426 non
595 4361 742 4446 contigit,
778 4381 869 4425 nunc
893 4360 1041 4446 quidem,
1077 4381 1155 4426 cum
1178 4381 1229 4425 res
1254 4359 1385 4437 divinas

220 4469 340 4534 melius
363 4467 593 4534 discernamus
617 4475 650 4533 et
672 4467 923 4553 perspiciamus,
947 4466 1044 4532 facile
1067 4472 1215 4553 apparet,
1241 4466 1277 4530 id
1301 4467 1384 4548 dico,

1193 4573 1225 4628 2⁸
