3218 5332
689 300 909 366 ..78-

216 496 395 561 Kirchhoff
418 501 504 561 recte
527 496 612 562 vidit
643 492 708 582 (pg.
734 496 823 583 504),
859 496 933 561 libri
966 524 993 564 ττ
1027 498 1286 586 α’ναγνωρισμόν,
1325 498 1386 582 qui

216 609 363 681 vocatur,
388 602 450 668 sibi
475 609 593 667 notum
616 603 727 668 luisse.
787 604 941 688 Namque
976 605 1004 670 si
1034 604 1137 668 istum
1169 604 1282 669 locmn
1306 610 1386 668 ante

217 711 329 776 oculos
363 732 432 776 non
467 709 648 789 habuisset,
686 710 873 775 Minervam
907 711 971 775 ista
1004 710 1179 775 mendacia
1214 710 1385 776 dicentem

219 840 287 882 non
333 818 471 883 lecisset.
552 817 728 882 Praeterea
763 807 932 902 ¹singulos
978 839 1105 895 versus*
1139 816 1384 904 perquirentes

217 946 285 989 non
309 946 382 989 raro
406 931 523 1010 poetae
547 924 637 989 vitiis
661 936 693 988 et
715 924 844 1002 inertia,
881 931 919 989 ut
953 945 1084 1010 semper
1117 924 1153 989 in
1190 925 1386 990 recentioris

216 1032 333 1097 aetatis
350 1032 510 1119 partibus
536 1030 752 1096 offendimur:
777 1032 862 1097 vs3
887 1030 1017 1096 duobus
1040 1030 1260 1098 hemistichiis
1283 1032 1386 1118 plane

216 1137 306 1202 idem
323 1139 530 1224 significatur
552 1140 680 1216 (νόστου
697 1134 929 1225 ὑπομνήσουσα
942 1170 984 1192 =
1001 1141 1195 1224 ὀτρυνέουσα
1218 1139 1382 1227 νέεσθαι).

218 1285 258 1293 -
283 1267 331 1312 vs.
356 1246 442 1308 4-r
479 1252 577 1331 poeta
609 1245 645 1308 in
679 1244 789 1310 verbis
824 1244 1064 1331 componendis
1100 1245 1180 1310 satis
1204 1245 1326 1311 rudem
1350 1267 1385 1311 se

217 1352 370 1430 ostendit,
405 1374 493 1428 cum,
531 1352 739 1430 „Minervam
762 1352 836 1438 Pyli
859 1358 892 1416 et
914 1351 1153 1418 Telemachum
1176 1358 1209 1417 et
1232 1353 1384 1419 Pisistra-

192 1465 298 1538 tum,
334 1460 424 1524 hunc
460 1459 680 1524 dormientem
715 1459 811 1523 illum
845 1480 924 1544 prae
953 1459 1040 1524 curis
1063 1459 1255 1526 insomnem
1279 1461 1383 1526 offen·

217 1567 325 1632 disse‘
351 1573 574 1645 enarraturus,
605 1588 675 1630 rem
699 1565 1000 1651 simplicissimam,
1035 1567 1098 1632 hae
1132 1567 1231 1632 inerti
1255 1574 1385 1633 senten·

216 1674 339 1739 tiorum
369 1695 530 1759 compage
562 1674 679 1738 utitur:
716 1668 789 1764 εὗρε
823 1678 1012 1761 Τηλέμαχον
1041 1687 1098 1742 καὶ
1123 1684 1282 1762 Νέστορος
1312 1677 1386 1744 υἱον

216 1778 368 1860 εὕδοντα,
404 1781 476 1869 ἤτοι
508 1784 707 1869 Νεστορίδην
741 1777 834 1868 ὕπνῳ
874 1784 1085 1868 δεδμημένον,
1126 1786 1320 1870 Τηλέμαχον
1354 1784 1384 1849 d’

216 1891 273 1975 οὐχ
302 1885 405 1968 ὕπνος
435 1889 496 1974 ἔχε.
533 1925 577 1936 -
611 1910 659 1952 VS.
684 1889 704 1952 5
728 1888 785 1952 cfr.
818 1891 838 1955 d
860 1888 934 1952 302.
962 1926 1000 1935 -
1026 1909 1074 1953 VS.
1101 1888 1120 1952 8
1155 1891 1384 1976 (μελεδήματα

166 2043 175 2059 .
216 1997 341 2084 πατρός
363 1997 491 2084 ἔντιμ’,
523 1994 613 2079 quod
645 1993 744 2060 schol.
770 1994 805 2059 H
829 2001 915 2060 recte
943 1995 1179 2081 interpretatur
1207 1991 1385 2084 τἤθροιζον

218 2098 311 2183 οὗτος
334 2113 391 2170 καὶ
415 2102 578 2190 συνῆγεν’,
614 2101 826 2186 singulariter
849 2107 881 2166 et
915 2108 1063 2167 contorte
1097 2101 1225 2166 dictum
1256 2109 1316 2168 est.
1342 2141 1384 2150 —

216 2232 264 2275 vs.
290 2212 309 2274 9
340 2211 398 2274 cfr.
424 2209 451 2272 B
478 2209 788 2273 172.-vs.10--13
813 2239 856 2263 =
878 2237 898 2292 γ
921 2209 1201 2274 313--31a--vs
1218 2209 1259 2275 16
1282 2209 1384 2276 Pene-
1469 2260 1472 2268 ,

219 2317 307 2402 lopes
331 2318 458 2394 fratres,
483 2316 541 2400 qui
565 2314 687 2381 alicubi
711 2336 779 2379 non
803 2323 990 2394 occurrunt,
1015 2315 1070 2380 hic
1086 2322 1199 2381 noster
1214 2317 1279 2382 sibi
1296 2317 1384 2382 ultro

217 2423 424 2508 excogitavit.
451 2462 490 2471 -
523 2444 570 2488 vs
597 2423 727 2487 24--26
750 2444 771 2486 a
794 2421 997 2507 quibusdam
1028 2421 1196 2489 veteribus
1218 2445 1384 2510 gramma·

215 2531 289 2595 ticis
312 2530 395 2595 falso
426 2529 588 2594 eliminati
611 2537 691 2594 sunt
724 2529 793 2597 ίὅτι
818 2531 1038 2616 (Τηλέμαχος)
1060 2532 1163 2617 μηδὲν
1193 2532 1316 2601 τούτων
1331 2534 1385 2600 ἐττ-

221 2639 375 2706 αντλθοὶν
398 2640 508 2704 ποιεῖ’.
561 2636 626 2702 Sed
650 2657 736 2722 quae
754 2637 905 2703 Minerva
932 2636 1084 2723 imperat,
1109 2639 1247 2703 omnino
1269 2638 1386 2726 inepta

217 2751 304 2822 sunt,
341 2765 419 2809 cum
453 2743 497 2808 ad
533 2743 795 2810 dominationem
830 2743 1078 2829 suscipiendam
1110 2744 1305 2810 fidelissima
1327 2746 1386 2812 illa

216 2851 370 2916 ministra
402 2873 472 2916 non
507 2872 591 2936 opus
625 2851 677 2929 sit,
711 2850 906 2937 praesertim
941 2872 1018 2916 oum
1041 2851 1207 2936 Penelope
1230 2852 1386 2918 nondum

217 2957 335 3023 abien‘t
361 2956 434 3044 (cir.
462 2959 527 3044 15).
563 2997 606 3006 —-
640 2980 687 3025 vs.
721 2959 763 3023 29
787 2959 845 3023 cfr.
871 2958 890 3023 d
914 2959 987 3024 671.
1024 2997 1067 3006 -
1101 2981 1149 3024 vs.
1175 2959 1309 3024 30-32
1348 2991 1385 3016 =

217 3095 236 3134 ν
248 3066 411 3131 lae-28.
424 3103 467 3112 —
479 3087 527 3131 vs.
542 3066 583 3130 33
607 3066 684 3130 Non
696 3066 776 3131 satis
792 3065 906 3150 liquet,
925 3064 1088 3150 quidnam
1105 3065 1258 3133 Minerva
1273 3066 1385 3133 verbis

217 3170 309 3249 ‘aa
332 3175 452 3260 νήσων
474 3171 537 3237 sni
554 3172 641 3238 veut.
674 3172 769 3238 nou
793 3175 1003 3264 εοοοορομρ
1027 3175 1102 3255 (απ.
1120 3180 1175 3264 ορ.
1195 3204 1239 3230 =
1254 3177 1383 3263 aaut
1420 3158 1424 3163 '

217 3277 376 3347 θάλασσα
412 3279 529 3357 schol.)
584 3282 719 3365 Ἰθάκης
751 3309 786 3347 τε
815 3276 942 3363 Σάμοιό
972 3278 1024 3347 σε’
1058 3279 1261 3345 insidiantur
1293 3281 1385 3347 Tele·

217 3387 337 3480 macho
374 3387 443 3473 (29)
473 3387 505 3451 h.
532 3408 558 3451 e.
595 3386 630 3450 in
663 3387 826 3472 angustiis
860 3387 947 3451 inter
980 3386 1132 3452 Ithacam
1166 3392 1198 3452 et
1232 3387 1383 3454 Samum.

217 3494 335 3580 Itaque
365 3493 517 3560 Minerva
539 3493 755 3580 praescribit,
791 3499 829 3558 ut
862 3515 922 3579 per
955 3492 1106 3559 medium
1139 3494 1264 3559 fretum
1297 3496 1386 3561 inter

218 3607 395 3686 utramque
418 3600 564 3665 insulam
588 3601 804 3685 pervehatur;
837 3600 894 3665 sed
926 3607 1025 3686 poeta
1047 3622 1118 3666 rem
1141 3601 1188 3666 ita
1211 3602 1383 3688 expressit,

218 3716 256 3773 ut
277 3729 358 3774 voce
382 3710 523 3795 ‘sajum'
548 3708 629 3772 alias
652 3707 778 3772 insulas
803 3707 989 3792 significare
1012 3707 1174 3773 videatur.
1200 3747 1244 3756 -—
1266 3731 1314 3776 vs.
1340 3711 1385 3774 34

218 3837 287 3880 non
321 3820 468 3900 apparet,
506 3835 566 3879 cur
588 3814 740 3880 Minerva
773 3836 843 3879 non
878 3815 1001 3900 apertis
1035 3815 1146 3881 verbis
1185 3815 1274 3881 dicat
1312 3839 1384 3883 sese

218 3929 359 3989 ventum
383 3921 567 3987 secundum
591 3921 771 3986 missuram
795 3943 876 4001 esse,
908 3921 1183 4008 quandoquidem
1205 3945 1275 3988 non
1297 3945 1384 3990 com-

218 4034 348 4094 mutata
384 4050 462 4094 cum
496 4028 694 4093 Telemacho
729 4029 936 4114 colloquitur.
976 4067 1018 4077 --
1050 4051 1100 4095 vs.
1132 4030 1185 4095 38.
1209 4031 1252 4094 39
1288 4029 1383 4117 (falso

219 4143 354 4223 propter
387 4157 504 4201 vocem
539 4135 635 4223 ἁμοῖς)
671 4157 688 4200 e
722 4136 849 4204 librov
882 4135 1006 4226 (rollo)
1040 4136 1164 4222 recepti
1199 4144 1279 4203 sunt
1312 4137 1381 4226 (cfr.

219 4243 358 4309 Kirchh.
371 4264 426 4328 pg.
441 4242 525 4330 505).
542 4281 579 4290 ι-
594 4265 642 4309 vs.
668 4243 720 4308 41,
733 4244 776 4307 42
801 4244 857 4308 cir.
884 4243 1055 4320 n130l31.
1071 4243 1187 4331 -(Ι)θ
1209 4266 1257 4312 vs.
1275 4245 1318 4310 45
1340 4277 1384 4303 =

219 4351 254 4416 K
269 4351 329 4415 158
351 4351 408 4415 cfr.
423 4349 555 4415 Wilam.
571 4372 626 4436 pg.
644 4350 693 4429 15,
707 4350 846 4430 Gemoll,
866 4351 935 4416 Das
949 4350 1140 4417 Verhaltnis
1160 4351 1218 4417 des
1239 4352 1383 4418 zehnten

220 4458 331 4525 Buchs
364 4458 423 4523 der
454 4457 532 4524 Ilias
555 4479 614 4523 zur
637 4457 794 4546 Odyssee,
819 4457 962 4525 Hermes
985 4459 1051 4526 XV
1079 4458 1188 4548 (1880)
1211 4481 1266 4548 pg.
1290 4460 1381 4549 559>
