3218 5332
505 304 827 400 '-45-

138 551 189 594 res
227 530 360 596 divinae
395 528 545 614 depictae
580 530 655 607 sint,
689 530 725 593 in
756 551 855 595 vorsu
884 530 948 594 254
983 530 1193 615 aliquantum
1228 529 1301 596 suh-

137 638 303 702 sistamus.
362 636 574 701 Offendimur
609 637 698 702 onim
736 637 884 721 primum
919 658 967 715 e0,
1003 638 1094 722 quod
1129 638 1301 702 enuntiata

136 744 209 812 ‘oda
234 747 366 829 άλήθεα
391 746 482 812 εἶπεν
506 738 577 811 άλλ’
610 745 793 837 triferium&
830 744 909 809 satis
942 744 1154 828 singulariter
1187 745 1220 809 et
1253 745 1300 807 in-

136 857 210 935 epte
233 850 371 916 vocibus
388 850 407 917 t
422 850 531 931 yr-bis
555 851 671 936 positis
695 853 967 936 conjunguntur:
993 855 1076 920 ‘odd'
1100 849 1298 938 ὅγ’·άλήθεα

137 957 222 1037 εἶπε,
248 960 353 1026 πάλιν
377 961 405 1025 d’
431 957 452 1022 ά
473 987 509 1041 γε
532 959 647 1037 λάζετο
663 961 801 1042 μῦθον.
835 958 972 1043 Majoris
1003 966 1115 1023 autem
1138 958 1298 1023 momenti

136 1072 195 1143 est,
232 1065 323 1150 quod
357 1065 606 1129 hemistichium
642 1065 765 1133 επάλιν
795 1068 823 1132 d'
856 1062 910 1148 ὅγε
939 1067 1056 1144 λάζετο
1083 1064 1211 1151 μῦθον
1246 1064 1300 1152 l=

101 1211 104 1216 ·
135 1178 165 1234 A
186 1173 260 1253 357)
284 1173 368 1236 falso
391 1162 586 1257 usurpatum
612 1161 735 1236 etenim
759 1175 902 1257 λάζομαι
930 1172 965 1258 (a
996 1171 1105 1237 radice
1128 1176 1207 1253 λαβ.
1241 1174 1299 1238 cir.

136 1278 325 1358 Dederlein,
350 1278 439 1343 hom.
466 1279 571 1343 Gloss
596 1278 618 1364 ξ
642 1278 739 1365 2269)
771 1278 860 1343 idem
896 1285 945 1343 est
968 1285 1068 1363 atque
1104 1300 1231 1364 capere,
1263 1285 1300 1343 ut

135 1386 267 1470 saepius
300 1385 391 1470 apud
414 1385 602 1450 Homerum
635 1384 776 1472 legitur,l
798 1386 890 1450 velut
924 1385 1039 1465 λάζετο
1076 1383 1153 1474 {joca
1191 1400 1304 1476 χερσῖν,

136 1490 193 1576 (==
226 1493 321 1557 irena
351 1492 508 1557 manibus
539 1493 637 1580 cepit)
666 1499 698 1557 et
728 1493 849 1557 similia
879 1491 947 1579 (cir.
972 1494 1001 1556 Ε
1025 1494 1098 1558 365.
1126 1494 1198 1559 745.
1225 1494 1299 1571 840,

105 1670 108 1675 ,
137 1600 275 1691 Θ389,Υ
300 1600 427 1678 11734,
462 1609 491 1665 Ρ
511 1600 587 1677 482,
623 1605 651 1663 Ω
674 1600 749 1678 441,
781 1600 915 1680 7483);
953 1599 1094 1664 eandem
1128 1601 1299 1665 notionem

134 1705 236 1770 habes
266 1706 303 1769 in
334 1706 457 1790 ζοἷγκάς
490 1715 662 1796 θυγατέρα
695 1700 846 1785 ἕλάζετο’
882 1706 921 1793 (Ε
954 1706 1029 1793 311)
1063 1713 1095 1772 et
1117 1709 1219 1785 εὀδάξ
1247 1712 1298 1774 λοι·

136 1815 245 1889 ζοίατο
268 1815 377 1896 γαῖαν
400 1813 443 1898 (Β
466 1813 552 1901 418),
610 1813 662 1876 Ex
696 1814 758 1879 hac
792 1814 928 1878 notione
961 1813 1111 1893 efficitur,
1147 1820 1185 1878 ut
1218 1835 1299 1879 voce

134 1921 255 1988 ‘coitu
293 1921 409 1996 λάζετο
447 1920 577 2006 μῦθον>
619 1920 824 2005 significetur
863 1920 994 1999 „verba
1034 1942 1120 2005 quae
1160 1920 1297 2000 dixerat,

134 2027 302 2106 retraxit‘,
336 2027 426 2112 quod
451 2026 589 2112 quidem
616 2028 741 2112 optime
765 2027 808 2092 ad
841 2049 977 2093 versum
1000 2029 1115 2093 [1357
1146 2028 1298 2112 quadrat,

133 2133 191 2197 ubi
215 2134 424 2218 Agamemno
460 2134 620 2211 convicia,
653 2133 776 2218 quibus
809 2134 945 2200 Ulixem
979 2136 1098 2213 affecit,
1135 2141 1325 2200 retractat.¹

133 2241 208 2305 Hoc
240 2246 354 2304 autern
376 2241 448 2305 loco
473 2241 598 2319 Ulixes
636 2241 716 2325 quia
738 2241 823 2305 nihil
842 2241 939 2319 dixit,
975 2240 1077 2306 verba
1112 2262 1172 2305 sua
1202 2248 1298 2306 retra·

134 2348 212 2412 here
245 2347 371 2432 nequit.
398 2430 401 2436 Ι
428 2348 545 2433 ltaque
579 2369 658 2412 cum
694 2348 889 2413 scholiastae
925 2347 983 2434 (Hz
1014 2355 1058 2428 εἰς
1085 2345 1121 2415 τό
1150 2349 1299 2417 ἐναντίον

135 2456 297 2545 ἔστρεφεν.
345 2454 395 2520 V:
421 2463 466 2534 εἰς
489 2457 681 2523 τούναντίον
702 2464 761 2523 τοῦ
778 2459 934 2543 ἀληθοῦς,
960 2451 1083 2523 diocte
1099 2457 1134 2522 ἐκ
1151 2458 1300 2541 δευτέρον

134 2564 171 2628 δὲ
194 2561 370 2644 τὸνλόγον
394 2560 588 2642 άνελάβετο)
612 2568 644 2626 et
667 2562 725 2647 qui
748 2562 801 2626 his
825 2561 1031 2647 temporibus
1055 2583 1190 2627 versum
1214 2583 1299 2627 com-

135 2668 274 2732 mentati
309 2675 388 2733 sunt
421 2668 562 2754 (Ameisz
598 2690 634 2733 er
667 2669 771 2733 nahm
799 2667 851 2733 die
875 2669 967 2733 Rede
991 2669 1126 2748 zuriick,
1151 2669 1204 2733 die
1227 2669 1299 2734 ihm

135 2774 255 2839 bereits
278 2797 339 2840 vor
362 2775 492 2840 Frende
516 2777 575 2840 aui
596 2775 657 2840 der
679 2776 795 2860 Zunge
820 2775 992 2841 schwebte.
1027 2775 1187 2860 Ebeling:
1213 2773 1299 2861 qnae

136 2882 286 2946 dicturus
326 2889 405 2962 erat,
445 2881 619 2969 retincbat)
657 2903 726 2946 non
759 2889 829 2946 tam
851 2889 967 2967 poetae
991 2881 1094 2947 verba
1123 2878 1298 2968 explicent,

14 3021 20 3031 ·
135 3009 249 3073 quam,
286 2989 369 3074 quid
417 2990 447 3054 ei
482 2989 696 3054 scribendum
742 2989 851 3067 luerit,
887 2989 1055 3078 adnotent,
1091 2991 1199 3054 iacere
1231 3011 1300 3053 non

135 3117 325 3181 possumus,
351 3096 435 3182 quin
458 3094 517 3184 (vs.
536 3096 611 3183 254)
634 3095 893 3161 hemistichium
908 3096 1031 3165 “πάλιν
1055 3098 1082 3162 d'
1107 3093 1162 3180 ὅγε
1185 3098 1299 3176 λάζετο

134 3207 266 3290 μῦθον
291 3223 332 3267 ex
355 3202 469 3268 Iliadis
492 3203 579 3268 libro·
600 3212 630 3270 Δ
651 3204 735 3269 ialsa
757 3224 836 3269 cum
865 3192 1116 3288 significatione
1129 3208 1299 3289 receptum

135 3310 372 3375 existimemus.

223 3417 295 3481 Iam
318 3438 396 3483 vero
419 3416 663 3502 perquiramus
689 3416 858 3503 quomodo
890 3417 953 3481 hac
986 3417 1023 3481 in
1050 3422 1144 3503 parte
1179 3439 1231 3482 res
1255 3417 1299 3481 di-

134 3524 232 3589 vinae
257 3523 490 3615 depingantur.
539 3524 691 3590 Minerva
714 3529 852 3610 apparet
878 3523 1099 3589 adulescentis
1123 3524 1231 3590 forma
1253 3524 1299 3588 in-

135 3631 230 3709 duta;
266 3632 401 3716 optime,
437 3651 585 3716 namque
609 3653 687 3696 cum
711 3630 826 3698 divina
849 3632 1043 3695 auctoritate
1066 3652 1202 3716 prorsus
1226 3651 1299 3696 con·

135 3738 244 3816 sentit,
276 3738 367 3823 quod
389 3738 426 3811 in
449 3736 696 3802 adulescentem
731 3759 802 3802 sese
837 3744 1030 3816 commutat,
1064 3759 1166 3823 quem
1196 3737 1299 3802 nobili

135 3844 206 3909 loco
242 3865 312 3909 esse
336 3852 455 3909 natum
488 3844 600 3909 statim
634 3845 670 3908 in
705 3845 819 3909 oculos
852 3844 992 3909 incurrit
1025 3843 1123 3933 (mat
1182 3844 1299 3930 Neque

134 3952 247 4016 minus
283 3952 365 4016 haec
396 3952 504 4016 forma
534 3950 713 4016 adrerum
736 3957 892 4016 naturam
916 3949 1078 4036 quadrat:
1114 3951 1248 4016 Etenim
1272 3953 1300 4015 si

135 4079 204 4122 non
226 4058 359 4143 cognita
382 4079 459 4123 curn
484 4058 582 4123 Ulixe
606 4058 764 4142 congredi
787 4058 869 4136 vult,
893 4058 1071 4143 praecipue
1094 4057 1128 4122 id
1153 4064 1300 4144 spectan-

135 4166 217 4230 dum
238 4166 298 4245 est,
322 4187 365 4230 ne
389 4166 534 4250 speciem
556 4164 684 4243 induat,
709 4186 795 4250 quae
820 4165 1044 4250 suspicionem
1073 4165 1244 4249 quandam
1268 4170 1300 4229 et

134 4263 391 4337 admirationem
414 4278 633 4337 commoveat.
674 4271 766 4347 Quid
788 4278 902 4337 autem
924 4271 1138 4338 verisimilius
1161 4277 1219 4335 aut
1242 4271 1299 4334 mi·

135 4400 198 4444 nus
223 4379 443 4465 suspiciosum
469 4385 527 4457 est,
552 4400 655 4464 quam
679 4376 770 4464 quod
793 4378 988 4443 adulescens
1011 4378 1160 4464 quidam,
1185 4377 1299 4444 ovium

10 4553 12 4559 ,
134 4492 258 4574 pastor,
294 4492 430 4551 omatus
463 4485 574 4571 pallio,
609 4485 715 4564 soleis,
750 4485 856 4577 hasta,
890 4505 976 4570 quae
1011 4484 1124 4549 omnia
1157 4484 1299 4553 viatores
