3218 5332
445 366 453 383 .
567 402 571 410 ¹
691 351 910 416 mm.-

215 577 234 616 a
277 548 459 626 lta-248,
498 578 522 614 ω
561 546 737 611 303-314
775 546 832 610 cfr.
873 546 1000 625 Bonita,
1039 570 1093 632 pg.
1123 548 1190 632 33),
1232 548 1391 614 Minerua

215 678 263 722 vs.
282 656 345 720 287
363 656 507 719 formam
523 653 634 718 induit
647 653 796 718 mulieris
810 653 978 739 pulchrae,
995 655 1142 739 grandis,
1160 677 1321 741 operosae
1330 655 1390 743 2¹⁰)

215 764 387 828 hiantem
411 783 528 828 versus
563 760 762 847 (ast-441)
796 761 843 825 ita
878 782 898 824 a
928 762 1037 846 priore
1067 763 1266 848 epiphaniae
1291 769 1391 848 parte

216 870 385 948 differunt,
410 876 448 934 ut
471 891 527 934 eos
551 870 720 954 sejunctos
745 867 944 953 perlustrare
967 876 1125 954 oporteat.

305 995 466 1073 Minerua,
492 1000 529 1058 ut
552 993 899 1071 commemoravimus,
932 994 1075 1058 formam
1098 995 1247 1061 mulieris
1270 996 1392 1081 pulch-

216 1124 281 1178 rae,
316 1101 463 1187 grandis,
500 1121 657 1186 operosae
682 1100 809 1180 induit;
843 1122 955 1185 neque
990 1101 1123 1166 difficile
1157 1109 1207 1168 est
1236 1104 1389 1189 cognitu,

216 1231 365 1295 quanam
393 1231 427 1273 re
459 1214 611 1294 permota
635 1208 686 1272 sit.
745 1208 833 1297 Nam
868 1229 945 1272 cum
969 1207 1067 1273 dcam
1089 1231 1204 1275 veram
1227 1217 1392 1275 naturam

215 1317 352 1381 nornine
376 1316 489 1380 addito
508 1317 596 1398 (300)
621 1314 853 1379 ostendentem
869 1315 969 1380 faciat
991 1321 1098 1401 poeta,
1122 1317 1303 1383 verisimile
1327 1325 1390 1398 est,

216 1445 295 1488 eum
319 1417 430 1489 uerbis
460 1427 565 1522 εκαλῇ
586 1451 622 1490 τε
645 1424 772 1521 μεγάλῃ
796 1451 831 1490 τε
855 1435 911 1491 καὶ
935 1425 1044 1506 ἀγλαοὶ
1068 1423 1145 1513 ἔργα
1168 1427 1270 1524 ι’ὄυίῃ’
1295 1423 1392 1511 (289)

216 1553 290 1596 eam
321 1533 465 1596 formam
490 1530 713 1615 descripsisse,
747 1551 849 1615 quarn
874 1530 1045 1597 Minervae
1075 1532 1262 1616 propriam.
1277 1532 1391 1597 existi·

216 1639 339 1717 mahat,
376 1638 467 1722 quod
503 1637 641 1722 quidem
676 1658 745 1701 non
778 1638 850 1702 sine
873 1645 943 1702 arte
967 1638 1191 1722 excogitatum
1215 1645 1279 1704 est-
1322 1639 1392 1704 Sed

217 1716 432 1810 nihildsecius
456 1744 669 1810 offendimur.
717 1745 851 1809 Etenim
875 1745 911 1808 in
934 1745 1084 1809 mulieris
1108 1745 1330 1831 descriptione
1353 1746 1393 1811 id

217 1854 325 1919 solum
355 1853 475 1937 agitur,
508 1852 617 1937 qualis
648 1852 909 1937 inspicientium,
944 1829 1109 1917 hocloco
1142 1852 1252 1918 Ulixis
1282 1854 1392 1925 oculis

217 1981 287 2025 sese
311 1965 465 2045 praestet,
490 1965 528 2023 ut
551 1959 624 2024 aliis
647 1958 758 2024 verbis
782 1959 901 2037 dicam,
929 1959 1002 2025 sola
1026 1958 1066 2024 de
1096 1960 1205 2024 forma
1227 1959 1391 2040 mulieris,

216 2088 284 2131 non
309 2066 349 2131 de
373 2066 512 2131 muliere
536 2066 610 2150 ipsa
638 2065 755 2150 agitur.
815 2067 932 2151 Itaque
967 2065 1052 2131 bene
1086 2088 1119 2131 se
1151 2066 1262 2145 habet,
1296 2067 1393 2152 quod

216 2174 392 2238 mulierem
416 2180 453 2238 ut
477 2173 653 2258 pulchram
688 2180 720 2238 et
742 2195 903 2257 magnam
935 2174 990 2238 vel
1016 2174 1178 2258 grandem
1210 2173 1390 2255 describit;

217 2280 275 2345 sed
305 2281 397 2365 quod
427 2280 520 2344 addit
551 2301 625 2344 eam
659 2281 829 2365 praeclara
862 2302 964 2366 opera
994 2281 1155 2345 conficere
1190 2261 1299 2367 posse,
1335 2282 1392 2348 vel
1497 2331 1501 2341 .

216 2388 338 2472 potius,
378 2388 553 2452 mulierem
577 2387 719 2451 eandem
743 2388 888 2473 speciem
911 2387 1034 2453 habere
1058 2394 1158 2472 atque
1187 2409 1274 2474 quae
1298 2411 1392 2474 prae-

219 2495 308 2559 clara
332 2516 433 2580 opera
456 2495 624 2559 conficere
641 2495 756 2574 sciant,
793 2496 865 2574 hoc,
891 2495 918 2559 si
942 2516 1011 2559 non
1034 2495 1197 2580 ineptum,
1231 2501 1318 2561 certe
1341 2497 1392 2560 in-

218 2608 404 2666 correctum
417 2608 482 2666 est:
508 2608 705 2666 numeratur
723 2603 814 2667 enim
825 2602 913 2667 inter
928 2602 1074 2688 corporis
1096 2600 1222 2682 laudes,
1246 2603 1282 2667 id
1298 2603 1393 2689 quod

221 2709 326 2772 animi
350 2678 451 2774 deciis
476 2715 533 2774 est.

307 2833 422 2899 Ulixes
457 2834 560 2918 igitur
593 2833 691 2899 deam
712 2834 863 2920 agnoscit
898 2835 1030 2899 etcum
1061 2833 1194 2919 cognita
1226 2856 1286 2920 per
1309 2835 1392 2901 satis

218 2942 359 3026 longum
382 2948 515 3026 tempus
539 2932 761 3026 colloquitur,
774 2942 866 3027 quod
886 2942 1023 3027 quidem
1047 2941 1164 3026 priscis
1181 2942 1393 3027 temporibus

217 3049 289 3113 fieri
312 3070 382 3113 non
404 3049 607 3127 invenimus,
643 3048 702 3113 ubi
737 3048 790 3114 dei
825 3057 884 3114 aut
918 3049 1124 3114 discedentes
1159 3055 1218 3113 aut
1249 3051 1391 3115 omnino

216 3177 286 3220 non
321 3155 596 3241 agnoscebantur.
678 3156 729 3220 De
764 3150 995 3241 cognoscendo
1031 3162 1143 3221 autem
1177 3155 1250 3242 ipso
1280 3164 1393 3242 ,poeta

217 3270 399 3349 utrumque
423 3263 503 3327 satis
526 3262 650 3327 mirum
683 3264 719 3327 in
758 3262 897 3328 modum
938 3263 1155 3328 disserentem
1194 3263 1282 3342 lacit,
1309 3285 1391 3329 curn

217 3376 250 3434 et
284 3391 304 3434 a
336 3370 445 3455 prisca
488 3375 520 3436 et
554 3391 574 3435 a
620 3371 801 3435 recentiore
832 3375 939 3435 aetate
973 3371 1070 3437 valde
1109 3371 1249 3437 differat.
1318 3371 1393 3436 lllio

220 3476 311 3542 enim
334 3477 491 3542 mortales
515 3476 594 3542 deos
618 3478 768 3562 cognitos
791 3479 860 3542 lere
884 3478 1016 3543 attoniti
1039 3477 1249 3544 admirantur
1273 3478 1303 3565 (γ
1324 3480 1392 3544 372
1500 3517 1503 3532 ·

219 3585 276 3649 cir.
303 3614 324 3650 α
350 3584 424 3664 322,
451 3586 468 3661 ζ
491 3583 555 3671 49),
591 3584 646 3649 hic
670 3585 810 3650 deorum
834 3586 1058 3670 praesentiam
1091 3608 1160 3651 non
1183 3585 1299 3671 magni
1323 3608 1392 3651 rno-

219 3692 324 3756 menti
347 3691 476 3756 faciunt
499 3690 566 3779 (cfr.
593 3721 617 3758 ω
635 3692 798 3772 noa-48,
823 3718 842 3774 χ
867 3693 1042 3777 wit-40).
1076 3694 1204 3758 Verum
1220 3693 1256 3757 in
1278 3693 1354 3757 libri
1373 3723 1393 3762 ν

217 3798 398 3883 posteriore
431 3805 524 3884 parte
560 3799 675 3864 Ulixes
710 3799 773 3864 dea
797 3799 940 3884 ,cognita
975 3822 1084 3885 neque
1119 3800 1280 3865 attonitus
1315 3822 1392 3865 con-

219 3905 314 3984 sist't,
351 3927 460 3991 neque
485 3905 576 3990 quod
599 3928 674 3971 eam
698 3908 863 3991 cognovit,
902 3899 1031 3972 silentio
1067 3908 1232 3990 praeterit,
1267 3907 1326 3972 sed
1355 3931 1392 3974 se

164 3995 171 4013 ⁸
220 4012 312 4097 apud
336 4012 524 4079 Minervam
549 4034 587 4077 eo
612 4021 757 4093 excusat,
796 4015 888 4099 quod
922 4015 1023 4079 etiarn
1047 4015 1293 4100 sapientissimo
1317 4005 1392 4081 viro

222 4415 225 4420 ,
310 4352 343 4420 Ψ)
363 4352 435 4416 Voce
464 4352 608 4422 „operosa“
635 4351 748 4406 Homeri
774 4353 857 4407 verba
880 4350 985 4422 ’ἀγλαά
1005 4355 1070 4423 ἔργα
1090 4351 1178 4434 ῖδυςη’
1204 4328 1333 4411 transtuli
1349 4348 1392 4408 'se-

220 4443 337 4497 cuudum
356 4442 513 4512 Horatium,
541 4442 586 4509 qui
615 4443 668 4510 (od.
688 4441 744 4495 III.
768 4447 807 4496 12.
828 4445 854 4508 5)
873 4439 1005 4493 Παλλάδα
1025 4439 1143 4513 ἐργάνην
1161 4459 1227 4497 voce
1246 4460 1393 4514 „operosae

219 4531 378 4592 Minervae“
399 4531 546 4602 significat.
