<?xml version="1.0" encoding="UTF-8"?>
<!DOCTYPE html PUBLIC "-//W3C//DTD XHTML 1.0 Transitional//EN"
    "http://www.w3.org/TR/xhtml1/DTD/xhtml1-transitional.dtd">
<html xmlns="http://www.w3.org/1999/xhtml" xml:lang="en" lang="en">
 <head>
  <title>
</title>
<meta http-equiv="Content-Type" content="text/html;charset=utf-8" />
  <meta name='ocr-system' content='tesseract 3.04.00' />
  <meta name='ocr-capabilities' content='ocr_page ocr_carea ocr_par ocr_line ocrx_word'/>
</head>
<body>
  <div class='ocr_page' id='page_1' title='image "./quomododeiinhom00diedgoog_0098.png"; bbox 0 0 3218 5332; ppageno 0'>
   <div class='ocr_carea' id='block_1_1' title="bbox 571 212 589 247">
    <p class='ocr_par' dir='ltr' id='par_1_1' title="bbox 571 212 589 247">
     <span class='ocr_line' id='line_1_1' title="bbox 571 212 589 247; baseline 0 0"><span class='ocrx_word' id='word_1_1' title='bbox 571 212 589 247; x_wconf 80' lang='lat'><em>0</em></span> 
     </span>
    </p>
   </div>
   <div class='ocr_carea' id='block_1_2' title="bbox 633 309 911 374">
    <p class='ocr_par' dir='ltr' id='par_1_2' title="bbox 633 309 911 374">
     <span class='ocr_line' id='line_1_2' title="bbox 633 309 911 374; baseline -0.011 1"><span class='ocrx_word' id='word_1_2' title='bbox 633 309 911 374; x_wconf 80' lang='lat'>·-87-</span> 
     </span>
    </p>
   </div>
   <div class='ocr_carea' id='block_1_3' title="bbox 193 502 1385 2600">
    <p class='ocr_par' dir='ltr' id='par_1_3' title="bbox 193 502 1385 2192">
     <span class='ocr_line' id='line_1_3' title="bbox 193 502 1385 589; baseline -0.003 -20"><span class='ocrx_word' id='word_1_3' title='bbox 193 505 363 570; x_wconf 46' lang='lat' dir='ltr'>*alicuius</span> <span class='ocrx_word' id='word_1_4' title='bbox 386 504 549 569; x_wconf 79' lang='lat' dir='ltr'><strong>momenti</strong></span> <span class='ocrx_word' id='word_1_5' title='bbox 573 504 649 583; x_wconf 78' lang='lat' dir='ltr'>sint,</span> <span class='ocrx_word' id='word_1_6' title='bbox 686 505 739 570; x_wconf 88' lang='lat' dir='ltr'>vel</span> <span class='ocrx_word' id='word_1_7' title='bbox 774 526 791 568; x_wconf 92' lang='lat' dir='ltr'>c</span> <span class='ocrx_word' id='word_1_8' title='bbox 827 504 949 589; x_wconf 92' lang='lat' dir='ltr'>quibus</span> <span class='ocrx_word' id='word_1_9' title='bbox 973 524 1213 588; x_wconf 81' lang='lat' dir='ltr'>cognoscamus</span> <span class='ocrx_word' id='word_1_10' title='bbox 1236 502 1385 587; x_wconf 85' lang='lat' dir='ltr'>singulos</span> 
     </span>
     <span class='ocr_line' id='line_1_4' title="bbox 222 609 1384 697; baseline -0.003 -21"><span class='ocrx_word' id='word_1_11' title='bbox 222 619 338 697; x_wconf 87' lang='lat' dir='ltr'>poetas</span> <span class='ocrx_word' id='word_1_12' title='bbox 363 611 403 676; x_wconf 92' lang='lat' dir='ltr'>de</span> <span class='ocrx_word' id='word_1_13' title='bbox 428 610 592 676; x_wconf 91' lang='lat' dir='ltr'>eiusmodi</span> <span class='ocrx_word' id='word_1_14' title='bbox 617 611 686 676; x_wconf 90' lang='lat' dir='ltr'>deis</span> <span class='ocrx_word' id='word_1_15' title='bbox 722 632 905 696; x_wconf 90' lang='lat' dir='ltr'>eorumque</span> <span class='ocrx_word' id='word_1_16' title='bbox 941 617 1063 674; x_wconf 88' lang='lat' dir='ltr'>natura</span> <span class='ocrx_word' id='word_1_17' title='bbox 1086 609 1233 677; x_wconf 84' lang='lat' dir='ltr'>diversas</span> <span class='ocrx_word' id='word_1_18' title='bbox 1258 615 1384 673; x_wconf 88' lang='lat' dir='ltr'>senten-</span> 
     </span>
     <span class='ocr_line' id='line_1_5' title="bbox 222 717 1385 802; baseline -0.003 -20"><span class='ocrx_word' id='word_1_19' title='bbox 222 719 285 782; x_wconf 89' lang='lat' dir='ltr'>tias</span> <span class='ocrx_word' id='word_1_20' title='bbox 309 717 475 796; x_wconf 86' lang='lat' dir='ltr'>habuisse,</span> <span class='ocrx_word' id='word_1_21' title='bbox 500 718 637 782; x_wconf 91' lang='lat' dir='ltr'>omnino</span> <span class='ocrx_word' id='word_1_22' title='bbox 661 740 728 782; x_wconf 91' lang='lat' dir='ltr'>non</span> <span class='ocrx_word' id='word_1_23' title='bbox 751 718 974 802; x_wconf 68' lang='lat' dir='ltr'>inveniantur.</span> <span class='ocrx_word' id='word_1_24' title='bbox 1016 717 1223 783; x_wconf 86' lang='lat' dir='ltr'>Universus</span> <span class='ocrx_word' id='word_1_25' title='bbox 1248 717 1385 782; x_wconf 54' lang='lat'><strong>⁸333-</strong></span> 
     </span>
     <span class='ocr_line' id='line_1_6' title="bbox 221 822 1384 904; baseline -0.002 -15"><span class='ocrx_word' id='word_1_26' title='bbox 221 826 297 904; x_wconf 79' lang='lat'>352,</span> <span class='ocrx_word' id='word_1_27' title='bbox 334 825 392 889; x_wconf 92' lang='lat' dir='ltr'>ubi</span> <span class='ocrx_word' id='word_1_28' title='bbox 428 825 618 889; x_wconf 79' lang='lat' dir='ltr'>Leucothea</span> <span class='ocrx_word' id='word_1_29' title='bbox 641 824 732 901; x_wconf 74' lang='lat' dir='ltr'>Ulixi</span> <span class='ocrx_word' id='word_1_30' title='bbox 761 824 885 889; x_wconf 82' lang='lat' dir='ltr'>auxilio</span> <span class='ocrx_word' id='word_1_31' title='bbox 920 824 1022 902; x_wconf 80' lang='lat' dir='ltr'>venit,</span> <span class='ocrx_word' id='word_1_32' title='bbox 1059 824 1145 888; x_wconf 91' lang='lat' dir='ltr'>iuter</span> <span class='ocrx_word' id='word_1_33' title='bbox 1181 823 1263 887; x_wconf 89' lang='lat' dir='ltr'>alios</span> <span class='ocrx_word' id='word_1_34' title='bbox 1293 822 1384 889; x_wconf 89' lang='lat' dir='ltr'>locos</span> 
     </span>
     <span class='ocr_line' id='line_1_7' title="bbox 222 925 1385 1016; baseline -0.003 -20"><span class='ocrx_word' id='word_1_35' title='bbox 222 932 397 1011; x_wconf 78' lang='lat' dir='ltr'>excellunt,</span> <span class='ocrx_word' id='word_1_36' title='bbox 434 931 525 1016; x_wconf 91' lang='lat' dir='ltr'>quod</span> <span class='ocrx_word' id='word_1_37' title='bbox 548 931 736 996; x_wconf 78' lang='lat' dir='ltr'>Leucothea</span> <span class='ocrx_word' id='word_1_38' title='bbox 772 938 844 996; x_wconf 90' lang='lat' dir='ltr'>ete</span> <span class='ocrx_word' id='word_1_39' title='bbox 877 931 1009 995; x_wconf 77' lang='lat' dir='ltr'>mortali</span> <span class='ocrx_word' id='word_1_40' title='bbox 1043 925 1174 1015; x_wconf 87' lang='lat' dir='ltr'>virgine</span> <span class='ocrx_word' id='word_1_41' title='bbox 1208 929 1271 994; x_wconf 86' lang='lat' dir='ltr'>dea</span> <span class='ocrx_word' id='word_1_42' title='bbox 1297 930 1385 993; x_wconf 84' lang='lat' dir='ltr'>lacta</span> 
     </span>
     <span class='ocr_line' id='line_1_8' title="bbox 222 1036 1384 1124; baseline -0.005 -20"><span class='ocrx_word' id='word_1_43' title='bbox 222 1045 272 1104; x_wconf 90' lang='lat' dir='ltr'>est</span> <span class='ocrx_word' id='word_1_44' title='bbox 284 1037 322 1122; x_wconf 65' lang='lat'>22)</span> <span class='ocrx_word' id='word_1_45' title='bbox 349 1045 381 1103; x_wconf 92' lang='lat' dir='ltr'>et</span> <span class='ocrx_word' id='word_1_46' title='bbox 398 1038 555 1124; x_wconf 88' lang='lat' dir='ltr'>Neptuno</span> <span class='ocrx_word' id='word_1_47' title='bbox 579 1038 729 1114; x_wconf 89' lang='lat' dir='ltr'>resistere</span> <span class='ocrx_word' id='word_1_48' title='bbox 753 1038 863 1116; x_wconf 76' lang='lat' dir='ltr'>audet,</span> <span class='ocrx_word' id='word_1_49' title='bbox 881 1060 958 1103; x_wconf 91' lang='lat' dir='ltr'>cum</span> <span class='ocrx_word' id='word_1_50' title='bbox 980 1037 1141 1115; x_wconf 81' lang='lat' dir='ltr'>Minerva,</span> <span class='ocrx_word' id='word_1_51' title='bbox 1167 1043 1204 1100; x_wconf 86' lang='lat' dir='ltr'>ut</span> <span class='ocrx_word' id='word_1_52' title='bbox 1219 1036 1384 1100; x_wconf 86' lang='lat' dir='ltr'>auxilium</span> 
     </span>
     <span class='ocr_line' id='line_1_9' title="bbox 221 1142 1384 1230; baseline -0.003 -21"><span class='ocrx_word' id='word_1_53' title='bbox 221 1146 315 1224; x_wconf 78' lang='lat' dir='ltr'>ferat,</span> <span class='ocrx_word' id='word_1_54' title='bbox 347 1166 416 1209; x_wconf 92' lang='lat' dir='ltr'>non</span> <span class='ocrx_word' id='word_1_55' title='bbox 448 1144 543 1209; x_wconf 88' lang='lat' dir='ltr'>adsit.</span> <span class='ocrx_word' id='word_1_56' title='bbox 592 1144 657 1209; x_wconf 82' lang='lat' dir='ltr'>Sed</span> <span class='ocrx_word' id='word_1_57' title='bbox 680 1166 888 1230; x_wconf 88' lang='lat' dir='ltr'>quamquam</span> <span class='ocrx_word' id='word_1_58' title='bbox 921 1151 1061 1228; x_wconf 89' lang='lat' dir='ltr'>utraque</span> <span class='ocrx_word' id='word_1_59' title='bbox 1097 1143 1237 1208; x_wconf 85' lang='lat' dir='ltr'>offensio</span> <span class='ocrx_word' id='word_1_60' title='bbox 1266 1142 1384 1208; x_wconf 89' lang='lat' dir='ltr'>adres</span> 
     </span>
     <span class='ocr_line' id='line_1_10' title="bbox 221 1249 1384 1338; baseline -0.003 -22"><span class='ocrx_word' id='word_1_61' title='bbox 221 1252 353 1319; x_wconf 86' lang='lat' dir='ltr'>divinas</span> <span class='ocrx_word' id='word_1_62' title='bbox 384 1252 535 1337; x_wconf 78' lang='lat' dir='ltr'>pertinet,</span> <span class='ocrx_word' id='word_1_63' title='bbox 571 1257 684 1316; x_wconf 87' lang='lat' dir='ltr'>tamen</span> <span class='ocrx_word' id='word_1_64' title='bbox 719 1252 811 1336; x_wconf 90' lang='lat' dir='ltr'>operi</span> <span class='ocrx_word' id='word_1_65' title='bbox 852 1250 1107 1338; x_wconf 82' lang='lat' dir='ltr'>supersedemus</span> <span class='ocrx_word' id='word_1_66' title='bbox 1144 1251 1179 1313; x_wconf 91' lang='lat' dir='ltr'>in</span> <span class='ocrx_word' id='word_1_67' title='bbox 1209 1249 1296 1313; x_wconf 88' lang='lat' dir='ltr'>hanc</span> <span class='ocrx_word' id='word_1_68' title='bbox 1320 1249 1384 1334; x_wconf 90' lang='lat' dir='ltr'>epi-</span> 
     </span>
     <span class='ocr_line' id='line_1_11' title="bbox 220 1357 1384 1445; baseline -0.003 -22"><span class='ocrx_word' id='word_1_69' title='bbox 220 1359 383 1445; x_wconf 89' lang='lat' dir='ltr'>phaniam</span> <span class='ocrx_word' id='word_1_70' title='bbox 406 1357 579 1423; x_wconf 85' lang='lat' dir='ltr'>verbosius</span> <span class='ocrx_word' id='word_1_71' title='bbox 602 1359 779 1443; x_wconf 89' lang='lat' dir='ltr'>inquirere.</span> <span class='ocrx_word' id='word_1_72' title='bbox 838 1359 926 1423; x_wconf 90' lang='lat' dir='ltr'>Nam</span> <span class='ocrx_word' id='word_1_73' title='bbox 960 1379 1038 1423; x_wconf 89' lang='lat' dir='ltr'>cum</span> <span class='ocrx_word' id='word_1_74' title='bbox 1062 1357 1251 1421; x_wconf 86' lang='lat' dir='ltr'>Leucothea</span> <span class='ocrx_word' id='word_1_75' title='bbox 1274 1377 1384 1440; x_wconf 91' lang='lat' dir='ltr'>neque</span> 
     </span>
     <span class='ocr_line' id='line_1_12' title="bbox 220 1463 1383 1551; baseline -0.004 -20"><span class='ocrx_word' id='word_1_76' title='bbox 220 1486 300 1531; x_wconf 89' lang='lat' dir='ltr'>cum</span> <span class='ocrx_word' id='word_1_77' title='bbox 350 1465 420 1530; x_wconf 90' lang='lat' dir='ltr'>deis</span> <span class='ocrx_word' id='word_1_78' title='bbox 471 1465 599 1550; x_wconf 90' lang='lat' dir='ltr'>superis</span> <span class='ocrx_word' id='word_1_79' title='bbox 656 1472 792 1551; x_wconf 88' lang='lat' dir='ltr'>propter</span> <span class='ocrx_word' id='word_1_80' title='bbox 837 1471 976 1530; x_wconf 89' lang='lat' dir='ltr'>naturae</span> <span class='ocrx_word' id='word_1_81' title='bbox 1029 1463 1253 1528; x_wconf 83' lang='lat' dir='ltr'>differentiam</span> <span class='ocrx_word' id='word_1_82' title='bbox 1298 1484 1383 1527; x_wconf 89' lang='lat' dir='ltr'>com-</span> 
     </span>
     <span class='ocr_line' id='line_1_13' title="bbox 220 1570 1383 1659; baseline -0.003 -22"><span class='ocrx_word' id='word_1_83' title='bbox 220 1572 332 1659; x_wconf 89' lang='lat' dir='ltr'>parari</span> <span class='ocrx_word' id='word_1_84' title='bbox 355 1572 468 1657; x_wconf 77' lang='lat' dir='ltr'>possit,</span> <span class='ocrx_word' id='word_1_85' title='bbox 504 1593 614 1657; x_wconf 91' lang='lat' dir='ltr'>neque</span> <span class='ocrx_word' id='word_1_86' title='bbox 649 1572 691 1637; x_wconf 87' lang='lat' dir='ltr'>ab</span> <span class='ocrx_word' id='word_1_87' title='bbox 727 1573 799 1637; x_wconf 89' lang='lat' dir='ltr'>aliis</span> <span class='ocrx_word' id='word_1_88' title='bbox 834 1571 1020 1636; x_wconf 89' lang='lat' dir='ltr'>minoribus</span> <span class='ocrx_word' id='word_1_89' title='bbox 1056 1570 1126 1635; x_wconf 89' lang='lat' dir='ltr'>deis</span> <span class='ocrx_word' id='word_1_90' title='bbox 1156 1576 1285 1655; x_wconf 88' lang='lat' dir='ltr'>praeter</span> <span class='ocrx_word' id='word_1_91' title='bbox 1309 1570 1383 1634; x_wconf 90' lang='lat' dir='ltr'>illas</span> 
     </span>
     <span class='ocr_line' id='line_1_14' title="bbox 220 1677 1382 1764; baseline -0.003 -20"><span class='ocrx_word' id='word_1_92' title='bbox 220 1680 431 1757; x_wconf 84' lang='lat' dir='ltr'>offensiones,</span> <span class='ocrx_word' id='word_1_93' title='bbox 456 1701 473 1744; x_wconf 93' lang='lat' dir='ltr'>e</span> <span class='ocrx_word' id='word_1_94' title='bbox 499 1677 622 1764; x_wconf 91' lang='lat' dir='ltr'>quibus</span> <span class='ocrx_word' id='word_1_95' title='bbox 646 1679 724 1744; x_wconf 90' lang='lat' dir='ltr'>solis</span> <span class='ocrx_word' id='word_1_96' title='bbox 753 1679 793 1744; x_wconf 90' lang='lat' dir='ltr'>de</span> <span class='ocrx_word' id='word_1_97' title='bbox 817 1678 1023 1764; x_wconf 90' lang='lat' dir='ltr'>temporibus</span> <span class='ocrx_word' id='word_1_98' title='bbox 1048 1677 1133 1741; x_wconf 92' lang='lat' dir='ltr'>nihil</span> <span class='ocrx_word' id='word_1_99' title='bbox 1156 1677 1242 1742; x_wconf 82' lang='lat' dir='ltr'>effici</span> <span class='ocrx_word' id='word_1_100' title='bbox 1265 1683 1382 1762; x_wconf 77' lang='lat' dir='ltr'>potest,</span> 
     </span>
     <span class='ocr_line' id='line_1_15' title="bbox 220 1784 1384 1871; baseline -0.003 -21"><span class='ocrx_word' id='word_1_101' title='bbox 220 1785 362 1864; x_wconf 83' lang='lat' dir='ltr'>differat,</span> <span class='ocrx_word' id='word_1_102' title='bbox 386 1792 593 1871; x_wconf 79' lang='lat' dir='ltr'>argumenta,</span> <span class='ocrx_word' id='word_1_103' title='bbox 621 1785 782 1871; x_wconf 89' lang='lat' dir='ltr'>equibus</span> <span class='ocrx_word' id='word_1_104' title='bbox 805 1786 906 1850; x_wconf 89' lang='lat' dir='ltr'>huius</span> <span class='ocrx_word' id='word_1_105' title='bbox 930 1785 1129 1871; x_wconf 88' lang='lat' dir='ltr'>epiphaniae</span> <span class='ocrx_word' id='word_1_106' title='bbox 1153 1790 1243 1848; x_wconf 85' lang='lat' dir='ltr'>aetas</span> <span class='ocrx_word' id='word_1_107' title='bbox 1266 1784 1384 1848; x_wconf 83' lang='lat' dir='ltr'>consti-</span> 
     </span>
     <span class='ocr_line' id='line_1_16' title="bbox 218 1890 1384 1977; baseline -0.004 -19"><span class='ocrx_word' id='word_1_108' title='bbox 218 1900 343 1968; x_wconf 87' lang='lat' dir='ltr'>tuatur,</span> <span class='ocrx_word' id='word_1_109' title='bbox 368 1892 434 1957; x_wconf 87' lang='lat' dir='ltr'>alia</span> <span class='ocrx_word' id='word_1_110' title='bbox 457 1893 583 1957; x_wconf 89' lang='lat' dir='ltr'>ratione</span> <span class='ocrx_word' id='word_1_111' title='bbox 601 1893 673 1957; x_wconf 92' lang='lat' dir='ltr'>aliis</span> <span class='ocrx_word' id='word_1_112' title='bbox 690 1915 730 1957; x_wconf 89' lang='lat' dir='ltr'>ex</span> <span class='ocrx_word' id='word_1_113' title='bbox 748 1893 847 1958; x_wconf 90' lang='lat' dir='ltr'>rebus</span> <span class='ocrx_word' id='word_1_114' title='bbox 872 1891 1015 1977; x_wconf 88' lang='lat' dir='ltr'>petenda</span> <span class='ocrx_word' id='word_1_115' title='bbox 1032 1897 1120 1970; x_wconf 87' lang='lat' dir='ltr'>sunt,</span> <span class='ocrx_word' id='word_1_116' title='bbox 1140 1890 1231 1975; x_wconf 93' lang='lat' dir='ltr'>quod</span> <span class='ocrx_word' id='word_1_117' title='bbox 1246 1890 1384 1975; x_wconf 87' lang='lat' dir='ltr'>quidem</span> 
     </span>
     <span class='ocr_line' id='line_1_17' title="bbox 218 1993 1382 2084; baseline -0.003 -20"><span class='ocrx_word' id='word_1_118' title='bbox 218 2006 335 2064; x_wconf 91' lang='lat' dir='ltr'>nostra</span> <span class='ocrx_word' id='word_1_119' title='bbox 361 1993 437 2063; x_wconf 86' lang='lat' dir='ltr'>&#39;non</span> <span class='ocrx_word' id='word_1_120' title='bbox 473 1999 609 2064; x_wconf 89' lang='lat' dir='ltr'>interest</span> <span class='ocrx_word' id='word_1_121' title='bbox 643 2000 716 2078; x_wconf 73' lang='lat' dir='ltr'>(cir.</span> <span class='ocrx_word' id='word_1_122' title='bbox 734 1999 947 2066; x_wconf 83' lang='lat' dir='ltr'>Wilamovitz</span> <span class='ocrx_word' id='word_1_123' title='bbox 980 2021 1034 2084; x_wconf 85' lang='lat' dir='ltr'>pg.</span> <span class='ocrx_word' id='word_1_124' title='bbox 1067 1999 1128 2062; x_wconf 77' lang='lat'>185</span> <span class='ocrx_word' id='word_1_125' title='bbox 1146 2020 1194 2082; x_wconf 92' lang='lat' dir='ltr'>sq.</span> <span class='ocrx_word' id='word_1_126' title='bbox 1224 1997 1382 2076; x_wconf 71' lang='lat' dir='ltr'>Drinium,</span> 
     </span>
     <span class='ocr_line' id='line_1_18' title="bbox 219 2103 1382 2192; baseline -0.003 -21"><span class='ocrx_word' id='word_1_127' title='bbox 219 2106 408 2184; x_wconf 83' lang='lat' dir='ltr'>Kirchhoff‚</span> <span class='ocrx_word' id='word_1_128' title='bbox 447 2106 580 2191; x_wconf 74' lang='lat' dir='ltr'>Kochly</span> <span class='ocrx_word' id='word_1_129' title='bbox 614 2128 647 2170; x_wconf 92' lang='lat' dir='ltr'>u.</span> <span class='ocrx_word' id='word_1_130' title='bbox 690 2106 720 2170; x_wconf 92' lang='lat' dir='ltr'>d.</span> <span class='ocrx_word' id='word_1_131' title='bbox 759 2105 916 2192; x_wconf 90' lang='lat' dir='ltr'>Odyssee.</span> <span class='ocrx_word' id='word_1_132' title='bbox 979 2106 1070 2170; x_wconf 79' lang='lat' dir='ltr'>Korn</span> <span class='ocrx_word' id='word_1_133' title='bbox 1103 2105 1187 2168; x_wconf 76' lang='lat'>1872</span> <span class='ocrx_word' id='word_1_134' title='bbox 1224 2127 1278 2189; x_wconf 86' lang='lat' dir='ltr'>pg.</span> <span class='ocrx_word' id='word_1_135' title='bbox 1304 2103 1382 2190; x_wconf 82' lang='lat'>89.).</span> 
     </span>
    </p>

    <p class='ocr_par' dir='ltr' id='par_1_4' title="bbox 218 2211 1384 2600">
     <span class='ocr_line' id='line_1_19' title="bbox 326 2211 1381 2299; baseline -0.003 -22"><span class='ocrx_word' id='word_1_136' title='bbox 326 2213 420 2278; x_wconf 87' lang='lat' dir='ltr'>Haec</span> <span class='ocrx_word' id='word_1_137' title='bbox 443 2212 567 2290; x_wconf 48' lang='lat' dir='ltr'>habui.</span> <span class='ocrx_word' id='word_1_138' title='bbox 587 2234 674 2298; x_wconf 88' lang='lat' dir='ltr'>quae</span> <span class='ocrx_word' id='word_1_139' title='bbox 697 2213 738 2278; x_wconf 90' lang='lat' dir='ltr'>de</span> <span class='ocrx_word' id='word_1_140' title='bbox 763 2212 931 2299; x_wconf 89' lang='lat' dir='ltr'>Odysseae</span> <span class='ocrx_word' id='word_1_141' title='bbox 960 2211 1147 2298; x_wconf 87' lang='lat' dir='ltr'>epiphaniis</span> <span class='ocrx_word' id='word_1_142' title='bbox 1178 2211 1381 2276; x_wconf 84' lang='lat' dir='ltr'>dissererem.</span> 
     </span>
     <span class='ocr_line' id='line_1_20' title="bbox 218 2317 1383 2405; baseline -0.003 -20"><span class='ocrx_word' id='word_1_143' title='bbox 218 2319 359 2386; x_wconf 85' lang='lat' dir='ltr'>Iliadem</span> <span class='ocrx_word' id='word_1_144' title='bbox 377 2342 467 2399; x_wconf 78' lang='lat' dir='ltr'>vero,</span> <span class='ocrx_word' id='word_1_145' title='bbox 485 2341 588 2404; x_wconf 89' lang='lat' dir='ltr'>quam</span> <span class='ocrx_word' id='word_1_146' title='bbox 605 2327 739 2405; x_wconf 91' lang='lat' dir='ltr'>propter</span> <span class='ocrx_word' id='word_1_147' title='bbox 755 2341 891 2384; x_wconf 90' lang='lat' dir='ltr'>causam</span> <span class='ocrx_word' id='word_1_148' title='bbox 909 2341 1009 2404; x_wconf 92' lang='lat' dir='ltr'>supra</span> <span class='ocrx_word' id='word_1_149' title='bbox 1027 2317 1092 2404; x_wconf 87' lang='lat' dir='ltr'>(pg.</span> <span class='ocrx_word' id='word_1_150' title='bbox 1118 2317 1154 2400; x_wconf 67' lang='lat'>6)</span> <span class='ocrx_word' id='word_1_151' title='bbox 1186 2338 1383 2382; x_wconf 91' lang='lat' dir='ltr'>commemo-</span> 
     </span>
     <span class='ocr_line' id='line_1_21' title="bbox 220 2423 1384 2512; baseline -0.004 -20"><span class='ocrx_word' id='word_1_152' title='bbox 220 2434 330 2492; x_wconf 88' lang='lat' dir='ltr'>ratam</span> <span class='ocrx_word' id='word_1_153' title='bbox 353 2427 417 2492; x_wconf 89' lang='lat' dir='ltr'>hac</span> <span class='ocrx_word' id='word_1_154' title='bbox 442 2426 671 2492; x_wconf 84' lang='lat' dir='ltr'>dissertatione</span> <span class='ocrx_word' id='word_1_155' title='bbox 695 2448 764 2491; x_wconf 89' lang='lat' dir='ltr'>non</span> <span class='ocrx_word' id='word_1_156' title='bbox 788 2426 936 2504; x_wconf 81' lang='lat' dir='ltr'>tractavi,</span> <span class='ocrx_word' id='word_1_157' title='bbox 962 2433 1077 2512; x_wconf 89' lang='lat' dir='ltr'>postea</span> <span class='ocrx_word' id='word_1_158' title='bbox 1099 2425 1271 2490; x_wconf 87' lang='lat' dir='ltr'>occasione</span> <span class='ocrx_word' id='word_1_159' title='bbox 1306 2423 1384 2488; x_wconf 89' lang='lat' dir='ltr'>data</span> 
     </span>
     <span class='ocr_line' id='line_1_22' title="bbox 218 2533 407 2600; baseline 0 -2"><span class='ocrx_word' id='word_1_160' title='bbox 218 2533 407 2600; x_wconf 88' lang='lat' dir='ltr'>recensebo.</span> 
     </span>
    </p>
   </div>
   <div class='ocr_carea' id='block_1_4' title="bbox 218 2832 1383 3084">
    <p class='ocr_par' dir='ltr' id='par_1_5' title="bbox 218 2832 1383 3084">
     <span class='ocr_line' id='line_1_23' title="bbox 328 2832 1383 2906; baseline -0.006 -15"><span class='ocrx_word' id='word_1_161' title='bbox 328 2833 359 2906; x_wconf 78' lang='lat'>¹²)</span> <span class='ocrx_word' id='word_1_162' title='bbox 379 2837 434 2892; x_wconf 86' lang='lat' dir='ltr'>Sed</span> <span class='ocrx_word' id='word_1_163' title='bbox 462 2836 552 2896; x_wconf 85' lang='lat' dir='ltr'>etiam,</span> <span class='ocrx_word' id='word_1_164' title='bbox 584 2837 654 2902; x_wconf 90' lang='lat' dir='ltr'>quod</span> <span class='ocrx_word' id='word_1_165' title='bbox 682 2835 808 2888; x_wconf 82' lang='lat' dir='ltr'>mortales</span> <span class='ocrx_word' id='word_1_166' title='bbox 835 2834 878 2888; x_wconf 88' lang='lat' dir='ltr'>dei</span> <span class='ocrx_word' id='word_1_167' title='bbox 906 2834 983 2903; x_wconf 85' lang='lat' dir='ltr'>fiunt,</span> <span class='ocrx_word' id='word_1_168' title='bbox 1012 2835 1083 2901; x_wconf 86' lang='lat' dir='ltr'>apud</span> <span class='ocrx_word' id='word_1_169' title='bbox 1102 2833 1248 2887; x_wconf 89' lang='lat' dir='ltr'>Homerum</span> <span class='ocrx_word' id='word_1_170' title='bbox 1277 2832 1383 2901; x_wconf 84' lang='lat' dir='ltr'>saepius</span> 
     </span>
     <span class='ocr_line' id='line_1_24' title="bbox 218 2922 1383 2992; baseline -0.006 -11"><span class='ocrx_word' id='word_1_171' title='bbox 218 2925 351 2990; x_wconf 80' lang='lat' dir='ltr'>occurrit3</span> <span class='ocrx_word' id='word_1_172' title='bbox 372 2926 419 2980; x_wconf 84' lang='lat' dir='ltr'>cfr.</span> <span class='ocrx_word' id='word_1_173' title='bbox 449 2926 618 2992; x_wconf 79' lang='lat' dir='ltr'>Ganymedes</span> <span class='ocrx_word' id='word_1_174' title='bbox 653 2933 673 2975; x_wconf 86' lang='grc' dir='ltr'><em>Υ</em></span> <span class='ocrx_word' id='word_1_175' title='bbox 698 2929 749 2977; x_wconf 77' lang='lat'>232</span> <span class='ocrx_word' id='word_1_176' title='bbox 775 2941 813 2991; x_wconf 88' lang='lat' dir='ltr'>sq.</span> <span class='ocrx_word' id='word_1_177' title='bbox 842 2925 982 2978; x_wconf 83' lang='lat' dir='ltr'>Menelaos</span> <span class='ocrx_word' id='word_1_178' title='bbox 1010 2924 1078 2976; x_wconf 75' lang='lat' dir='ltr'>dte</span> <span class='ocrx_word' id='word_1_179' title='bbox 1106 2939 1145 2989; x_wconf 88' lang='lat' dir='ltr'>sq.</span> <span class='ocrx_word' id='word_1_180' title='bbox 1176 2922 1270 2976; x_wconf 87' lang='lat' dir='ltr'>Klitus</span> <span class='ocrx_word' id='word_1_181' title='bbox 1299 2925 1383 2975; x_wconf 78' lang='lat'>0250</span> 
     </span>
     <span class='ocr_line' id='line_1_25' title="bbox 220 3013 921 3084; baseline -0.007 -13"><span class='ocrx_word' id='word_1_182' title='bbox 220 3015 347 3071; x_wconf 85' lang='lat' dir='ltr'>Dioscuri</span> <span class='ocrx_word' id='word_1_183' title='bbox 366 3016 381 3067; x_wconf 82' lang='grc' dir='ltr'><strong><em>λ</em></strong></span> <span class='ocrx_word' id='word_1_184' title='bbox 400 3019 450 3069; x_wconf 83' lang='lat'>303</span> <span class='ocrx_word' id='word_1_185' title='bbox 469 3031 524 3084; x_wconf 73' lang='lat' dir='ltr'>sq.;</span> <span class='ocrx_word' id='word_1_186' title='bbox 543 3014 571 3067; x_wconf 91' lang='lat' dir='ltr'>in</span> <span class='ocrx_word' id='word_1_187' title='bbox 590 3013 746 3067; x_wconf 85' lang='lat' dir='ltr'>universum</span> <span class='ocrx_word' id='word_1_188' title='bbox 764 3013 811 3067; x_wconf 82' lang='lat' dir='ltr'>cfr.</span> <span class='ocrx_word' id='word_1_189' title='bbox 830 3032 842 3066; x_wconf 78' lang='grc' dir='ltr'><em>ε</em></span> <span class='ocrx_word' id='word_1_190' title='bbox 863 3018 921 3066; x_wconf 78' lang='lat'>135.</span> 
     </span>
    </p>
   </div>
   <div class='ocr_carea' id='block_1_5' title="bbox 0 0 1614 5332">
    <p class='ocr_par' dir='ltr' id='par_1_6' title="bbox 0 0 1614 5332">
     <span class='ocr_line' id='line_1_26' title="bbox 0 0 1614 5332; baseline 0 2"><span class='ocrx_word' id='word_1_191' title='bbox 0 0 1614 5332; x_wconf 95' lang='lat' dir='ltr'> </span> 
     </span>
    </p>
   </div>
  </div>
 </body>
</html>
