3218 5332
732 571 882 678 Vlta.

322 943 439 1006 Benno
455 940 633 1006 Diedcrich
651 939 874 1004 Berolinensis
890 947 989 1005 natus
1003 962 1077 1005 sum
1089 940 1141 1006 die
1154 941 1237 1005 XIII
1254 942 1388 1006 mensis

218 1050 329 1114 Martii
353 1049 433 1112 anni
456 1047 552 1111 LXX
576 1047 607 1110 h.
628 1069 651 1112 s.
678 1052 770 1131 patre
788 1046 947 1126 Gustavo,
964 1054 1069 1112 matre
1088 1048 1193 1112 Maria
1216 1048 1258 1112 dc
1282 1055 1388 1133 gente

216 1156 314 1220 Hinc.
362 1154 457 1218 Fidei
481 1153 633 1218 addictus
657 1174 732 1217 sum
756 1153 975 1238 evangelicae.
1001 1154 1202 1219 Litterarum
1223 1155 1387 1240 primitiis

216 1263 251 1326 in
273 1261 520 1347 progymnasio,
545 1260 598 1324 cui
616 1267 695 1324 tunc
723 1267 874 1345 praeerat
899 1260 939 1324 Α.
964 1260 1116 1326 Lbchner
1138 1261 1190 1326 vir
1212 1268 1388 1347 praestan-

216 1369 374 1446 tissimus,
389 1367 538 1432 imbutus
549 1367 764 1452 gymnasium
777 1366 1082 1432 llumboldtianum
1095 1368 1162 1432 adii
1178 1390 1207 1432 a.
1221 1368 1387 1447 LXXIX,

218 1475 375 1560 deinceps
398 1479 491 1560 patre
514 1473 672 1537 Altonam
696 1473 914 1537 Holsatorum
947 1467 983 1538 in
1007 1473 1124 1539 urbem
1147 1481 1266 1540 vocato
1289 1498 1387 1560 gym-

218 1581 351 1646 nasium
386 1580 633 1645 Christianeum
672 1579 853 1644 Altoneusc
893 1580 971 1644 inde
1010 1581 1051 1646 ab
1090 1602 1179 1646 anno
1215 1581 1384 1647 LXXXV

218 1687 446 1774 frequentavi;
472 1693 613 1771 utroque
648 1686 684 1750 in
718 1687 894 1772 gymnasio
928 1708 1008 1752 usus
1036 1709 1111 1752 sum
1135 1687 1313 1773 disciplina
1339 1689 1411 1755 vi-·

219 1817 332 1859 rorum
355 1794 563 1858 humanitate
588 1800 620 1857 et
654 1793 804 1858 doctrina
834 1793 1076 1875 excellentium,
1102 1816 1119 1859 c
1143 1794 1267 1879 quibus
1292 1817 1388 1881 prae—

219 1903 315 1988 cipue
350 1900 433 1964 mihi
457 1907 536 1965 sunt
558 1899 755 1964 nominandi
786 1900 923 1965 Carolus
946 1901 1122 1966 Lehmann
1146 1901 1387 1981 Berolinensm,

220 2007 407 2073 Fridcricus
431 2004 583 2085 Reuter,
602 2005 779 2072 Udalricus
803 2006 897 2071 Kehr
924 2008 1131 2072 Altonenses.
1179 2008 1389 2074 Maturitatis

219 2114 408 2180 testimonio
426 2114 607 2178 instructus
627 2134 715 2177 anno
727 2113 906 2178 LXXXIX
925 2115 1177 2180 universitatem
1187 2114 1388 2200 Gottingen-

220 2243 361 2306 semper
373 2220 435 2285 tria
448 2221 627 2299 semestria,
642 2220 893 2286 universitatem
905 2220 1090 2286 Kiliensem
1099 2243 1162 2306 per
1172 2221 1326 2308 quinque
1340 2244 1389 2288 se·

220 2328 356 2393 mestria
394 2327 614 2412 frequentavi,
654 2348 731 2392 cum
771 2326 889 2392 studiis
927 2327 1072 2393 classicis
1111 2336 1143 2393 et
1181 2329 1390 2414 germanicis

220 2456 356 2520 operam
391 2455 559 2499 navarem.
618 2434 813 2498 Docuerunt
843 2455 897 2498 me
920 2457 974 2497 vu.
1010 2433 1064 2499 dd.
1090 2435 1279 2514 Baumann,
1304 2435 1388 2516 Le0,

222 2544 261 2606 G.
287 2542 324 2606 Ε.
351 2541 479 2619 Mi'iller,
516 2541 661 2626 Peipcrs,
698 2540 879 2619 Rehnisch,
914 2541 1051 2621 Roethc,
1085 2541 1228 2628 Sauppe,
1259 2565 1291 2608 v.
1318 2543 1389 2608 Wi-

222 2647 640 2715 lamovita-Moellendorff
674 2647 928 2732 Gottingenses3
969 2649 1072 2728 BlasS,
1108 2649 1228 2726 Bruns,
1264 2649 1389 2729 Cauer,

221 2757 383 2833 Denssen,
408 2754 591 2833 Erdmann,
617 2754 888 2833 Forchhammer,
925 2756 1060 2841 Gering,
1085 2755 1225 2841 Glogau,
1251 2755 1391 2822 Schbnc

221 2863 396 2926 Kilienses.
467 2860 595 2926 Sodalis
629 2862 679 2925 lui
713 2861 944 2943 proseminarii
967 2862 1194 2948 Gottingensis
1229 2885 1290 2949 per
1321 2865 1392 2928 tria

222 2969 403 3046 semestria,
431 2968 600 3032 seminarii
624 2968 783 3033 Kilicnsis
809 2988 870 3054 per
904 2969 1054 3054 quinque
1078 2969 1257 3035 semestris.
1306 2971 1391 3036 Ger—

222 3075 345 3140 manici
369 3075 599 3159 proscminarii
623 3075 745 3140 sodalis
772 3075 822 3139 fui
845 3075 1032 3161 Gottingae,
1068 3076 1238 3152 seminarii
1261 3076 1392 3143 sodalis

223 3181 504 3247 extraordinarius
512 3181 630 3246 Kiliae.
656 3182 972 3247 Praetercainteriui
981 3183 1271 3249 exercitationibus
1281 3184 1391 3270 philo-

224 3289 377 3374 sophicis,
414 3310 498 3374 quas
531 3289 748 3354 instituerunt
771 3289 959 3369 Baumann,
990 3290 1151 3369 Denssen,
1177 3290 1319 3375 Glogan,
1346 3293 1391 3357 G,

224 3396 261 3459 Ε.
299 3395 427 3459 Muller.
506 3395 671 3461 Omnibus
709 3397 761 3461 his
803 3397 884 3461 viris
922 3397 1046 3483 gratias
1083 3418 1145 3482 ago
1186 3419 1393 3483 semperque

225 3501 355 3567 habebo
386 3523 488 3587 quam
511 3503 686 3581 maximas,
721 3503 886 3588 imprimis
922 3511 1034 3585 autem
1056 3503 1160 3569 Paulo
1184 3504 1303 3584 Cauer,
1329 3507 1392 3591 qui

225 3608 262 3673 in
286 3608 339 3673 his
362 3609 503 3673 Homeri
538 3609 656 3674 studiis
685 3631 738 3674 me
763 3609 914 3689 detinuit,
939 3616 1040 3696 atque
1064 3611 1110 3675 eis
1134 3610 1393 3677 incumbentem

225 3714 453 3780 liberalissime
485 3737 585 3800 opera
609 3722 641 3780 et
674 3716 811 3781 consilio
835 3716 973 3796 adiuvit,
1005 3718 1129 3802 gratias
1157 3739 1293 3803 quoque
1325 3741 1393 3805 ago

227 3820 391 3887 maximas
414 3822 550 3887 Aliredo
567 3822 706 3902 Schone,
741 3823 799 3907 qui
831 3823 867 3887 in
898 3824 951 3889 his
983 3824 1112 3890 studiis·
1132 3826 1278 3891 versanti
1303 3827 1396 3892 mihi

226 3949 402 4012 nunquam
426 3929 539 3993 deluit.

597 4129 1014 4138 Ἥ*
