3218 5332
631 321 852 389 ..53-

157 512 253 578 uncis
288 514 509 582 includamus.
573 518 636 584 His
672 525 786 583 autem
821 519 978 585 omnibus
1016 519 1155 586 inclusis
1194 528 1324 587 textum

157 619 242 685 bene
266 623 499 692 continuatum
522 625 642 690 lacuna
665 627 995 712 interrumperemus
1032 628 1123 713 quod
1154 630 1262 694 iacere
1286 652 1324 695 eo
1392 654 1396 660 ·

157 728 270 793 minus
300 729 385 809 licet,
421 754 488 816 quo
519 733 626 818 magis
657 733 881 818 intellegimus
917 756 1052 799 omnem
1086 736 1155 800 fere
1191 737 1324 821 epipha-

159 835 251 899 niam
276 835 317 904 ν2
341 838 504 903 eiusmodi
521 840 666 925 ineptiis,
692 839 814 924 quibus
838 841 874 904 in
898 840 1039 907 versibb.
1066 843 1130 906 318
1155 865 1202 928 sq.
1223 845 1324 908 offen-

158 944 329 1023 debamur,
361 967 532 1031 aspersam
555 968 635 1012 esse.
683 947 811 1012 Verum
836 949 863 1013 si
898 970 1015 1014 omnes
1038 971 1164 1028 versus
1200 950 1324 1036 quibus

136 1044 377 1131 'offendimurp
401 1054 572 1118 eliminare
602 1076 671 1118 non
701 1076 890 1140 possumus
923 1063 1009 1121 certe
1037 1079 1107 1121 non
1138 1057 1214 1122 lieet
1243 1080 1323 1122 non·

156 1160 266 1225 nullos
289 1161 420 1237 reicere,
445 1162 590 1246 reliquos
614 1162 765 1226 retinere.
823 1162 945 1228 Facere
969 1164 1071 1248 igitur
1105 1186 1173 1229 non
1210 1187 1323 1250 possu-

155 1289 242 1344 mus
267 1268 350 1352 quin
374 1289 569 1333 censeamus
598 1268 743 1333 eundem
766 1275 909 1354 poetam,
942 1271 1001 1355 qui
1022 1292 1070 1336 vs
1096 1272 1169 1336 301.
1195 1272 1260 1337 302
1285 1272 1323 1337 si-

156 1373 252 1438 miles
286 1376 489 1460 composuit‚
531 1374 676 1440 eundem
712 1377 813 1440 etiam
841 1398 894 1442 vs.
932 1378 1085 1441 319-23
1121 1379 1321 1464 concepisse,

156 1481 280 1546 scilicet
295 1482 441 1567 exceptis
456 1480 599 1548 versibb.
619 1480 752 1561 320s21,
777 1483 836 1568 qui
860 1485 1102 1549 sententiarum
1125 1507 1323 1571 compagem

155 1588 360 1673 perturbant.

244 1696 294 1761 De
325 1718 434 1775 causa,
471 1718 539 1781 qua
572 1704 724 1783 permota
747 1697 900 1762 Minerva
931 1697 1031 1762 rebus
1062 1720 1096 1763 se
1128 1699 1320 1779 admisceat,

155 1804 218 1885 hoc
241 1803 313 1868 loco
336 1803 421 1868 bene
453 1803 582 1882 accidit,
619 1811 664 1882 ut,
701 1825 761 1868 cur
782 1804 920 1880 venerit,
952 1806 1026 1890 ipsa
1050 1807 1205 1891 explicet:
1243 1808 1323 1873 dicit

156 1911 247 1976 enim
282 1932 316 1975 se
351 1911 537 1989 accessisse,
574 1918 611 1976 ut
645 1888 722 1975 cuni
753 1910 852 1976 Ulixe
887 1913 1065 1976 consilium
1098 1914 1197 1993 ineat,
1234 1914 1323 1988 dona

156 1994 365 2083 Phaeacum·
381 2018 518 2097 occulat,
555 2040 633 2083 eum
668 2017 708 2083 de
747 2018 890 2103 injuriis,
926 2041 1013 2105 quae
1048 2020 1139 2085 domi
1173 2030 1321 2102 manent,
1372 2108 1375 2115 Ι

155 2126 328 2191 certiorem
340 2126 442 2190 iaciat
459 2123 645 2211 (303-10),
671 2146 757 2211 quae
781 2125 892 2191 variae
916 2148 1036 2191 causae
1058 2128 1168 2192 varias
1192 2130 1322 2193 offensi·

155 2256 235 2298 ones
260 2239 291 2298 ot
315 2232 539 2297 dubitationes
562 2239 708 2298 movent.
755 2232 914 2297 Primum'
931 2255 969 2297 eo
993 2233 1205 2313 offendimur,
1230 2235 1322 2320 quod

155 2341 271 2406 Ulixes
285 2341 320 2404 in
336 2362 384 2406 vs.
400 2341 563 2420 312--28,
577 2340 701 2425 quibus
717 2339 888 2405 Minervae
905 2341 1117 2426 explicationi
1133 2342 1320 2427 respondet,

154 2448 288 2512 illorum
312 2447 537 2525 consiliorum,
562 2447 766 2533 praesertim,
778 2468 956 2532 procorum
979 2448 1182 2533 injuriarum
1205 2451 1321 2515 menti·

152 2576 252 2620 onem
275 2576 344 2619 non
367 2555 455 2632 lacit,
480 2555 538 2619 sed
561 2560 741 2640 postquam
767 2576 801 2618 se
826 2555 1006 2632 excusavit,
1040 2555 1131 2639 quod
1155 2577 1230 2620 eam
1253 2579 1320 2622 non

152 2662 346 2746 cognoverit
377 2661 541 2748 (312-23
565 2660 718 2747 respond.
746 2662 809 2724 299
835 2660 905 2748 sq),
930 2661 1029 2746 plane
1065 2661 1105 2727 de
1137 2663 1320 2748 improviso

152 2769 251 2834 deam
273 2768 433 2847 obsecrat,
469 2791 553 2834 num
587 2790 622 2833 re
656 2790 735 2834 vera
765 2769 800 2832 in
830 2769 974 2852 patriam
1007 2770 1187 2834 reverterit.
1245 2771 1320 2836 Hoc

150 2898 230 2943 vero
266 2877 309 2942 ab
343 2877 417 2976 ipso
450 2883 548 2963 poeta
577 2877 624 2941 ita
656 2877 856 2940 instructum
891 2898 961 2940 esse
994 2875 1073 2941 inde
1106 2877 1318 2977 intellegitur,

153 2978 246 3069 quod
268 3005 385 3050 versus
409 2985 474 3049 312
499 3007 547 3069 sq.
574 2991 606 3048 et
622 2984 793 3049 Minervae
817 2983 928 3048 verbis
952 2983 1156 3068 respondent
1179 2990 1211 3049 et
1233 2985 1321 3050 inter
1406 3015 1413 3031 ·

154 3113 189 3158 se
213 3091 259 3156 ita
283 3092 452 3156 coniuncti
476 3098 564 3170 sunt,
589 3098 627 3155 ut
649 3112 759 3175 neque
788 3090 945 3162 lacunam
969 3111 1078 3175 neque
1102 3091 1319 3176 interpolatos

150 3220 267 3264 versus
301 3197 444 3285 (praeter
466 3198 601 3285 320l21)
635 3203 778 3262 statuere
802 3204 959 3282 oporteat.
1017 3198 1135 3283 Neque
1158 3219 1318 3263 versuum

151 3307 305 3371 324-28
318 3306 545 3371 eliminatione
562 3306 786 3374 offensionem
806 3304 918 3369 tollere
929 3305 1013 3383 licet,
1039 3327 1117 3369 cum
1132 3305 1186 3370 rel
1202 3305 1266 3370 alio
1282 3307 1318 3370 in
1380 3362 1389 3379 ,

149 3414 222 3479 loco
245 3414 355 3500 aptius
375 3435 443 3477 non
469 3413 672 3478 collocentur
694 3418 726 3476 et
737 3411 890 3476 Minerva
901 3412 1092 3497 insequenti
1107 3412 1255 3476 oratione
1270 3413 1317 3478 eis

71 3585 76 3595 ,
149 3520 350 3606 respondeat
383 3519 460 3607 (344
494 3520 563 3606 sq).
627 3519 726 3595 Quod
764 3525 944 3604 postquam
980 3520 1079 3583 etiam
1114 3519 1177 3584 hac
1212 3519 1248 3583 in
1282 3541 1317 3584 re

132 3635 267 3715 ·poetae
305 3627 461 3700 inertiam
493 3626 723 3712 cognovimus,
764 3625 807 3690 ad
845 3647 963 3697 causas
1007 3626 1098 3710 ipsas
1142 3647 1203 3691 nos
1242 3648 1315 3692 con·

149 3743 329 3803 vertamus.

232 3842 388 3909 >Minerva
413 3842 577 3928 promittit
600 3863 677 3907 cum
696 3841 792 3908 Ulixe
808 3841 984 3905 consilium
1006 3861 1040 3905 se
1056 3840 1217 3904 inituram
1233 3862 1314 3919 esse,

149 3972 230 4030 rem,
266 3956 304 4014 ut
332 3949 474 4027 videtur,
511 3949 591 4014 satis
623 3969 821 4035 suspensam
851 3954 884 4012 et
914 3947 1100 4026 obscuram,
1139 3946 1198 4011 sed
1228 3969 1315 4033 quae

115 4083 119 4089 ·
149 4058 370 4123 offensionem
393 4079 462 4122 non
485 4056 630 4142 praebet.
678 4056 854 4120 Praeterea
877 4076 948 4119 sese
971 4054 1218 4139 praedicturam
1242 4077 1314 4140 pro·

148 4166 270 4242 fitetur,
305 4186 392 4250 quae
426 4164 570 4249 injuriae
605 4163 696 4227 domi
745 4184 823 4226 eum
858 4168 1026 4239 maneant,
1067 4183 1151 4246 quas
1187 4183 1313 4242 ornnes

149 4272 306 4358 quamvis
321 4293 450 4356 graves
476 4271 606 4336 silentio
629 4271 714 4335 ferre
746 4269 872 4334 debeat.
933 4269 1026 4333 Haec
1050 4269 1164 4333 omnia
1187 4268 1313 4348 Ulixes
1351 4283 1355 4288 ’

149 4380 209 4465 qui
232 4378 273 4444 de
296 4379 405 4464 procis
422 4378 506 4442 nihil
524 4383 732 4462 compertum
748 4377 858 4453 habet,
883 4375 1052 4462 percipere
1076 4383 1108 4440 et
1123 4375 1313 4460 intellegere

148 4487 275 4576 nequit,
301 4507 404 4574 quam
428 4485 470 4550 ob
494 4507 565 4550 rem
588 4484 801 4549 Wilamovitz
825 4482 889 4569 (pg.
919 4481 991 4570 105)
1016 4505 1063 4548 vs.
1083 4483 1237 4548 306-10
1261 4481 1313 4548 eli-
