3218 5332
621 325 841 391 ..59-

152 519 250 586 rebus
286 542 320 586 66
354 522 517 601 inmiscet,
553 521 713 608 quoniam
749 522 865 589 Ulixes
900 521 972 588 sine
1006 522 1077 588 eius
1114 521 1239 587 auxilio
1276 521 1313 587 in

151 627 261 693 Circes
294 627 433 694 insidias
465 635 552 694 certe
575 629 754 708 incidisset,
790 635 891 715 atque
924 650 1010 714 quae
1043 628 1106 694 sibi
1129 629 1312 714 proposuit,

150 735 206 800 via
228 755 267 800 ac
289 735 416 800 ratione
439 735 576 821 perficit,
601 757 668 821 quo
690 735 825 819 accedit,
844 735 935 822 quod
950 742 1049 822 poeta
1064 757 1142 801 eum
1157 734 1313 802 accedere

150 847 183 906 et
226 841 268 906 ad
307 841 490 927 Olympum
536 842 642 907 redire
685 864 755 908 non
793 842 999 914 obliviscitur
1041 863 1311 908 commemorare.

152 949 245 1024 Quae
273 948 316 1013 ad
339 956 537 1034 argumenta
560 950 587 1014 si
622 949 727 1029 addis,
752 949 844 1035 quod
870 950 1112 1015 sententiarum
1134 970 1312 1035 compages

150 1077 319 1140 nusquam
347 1056 602 1142 interrumpitur
636 1078 745 1142 neque
769 1046 957 1142 quidquam
978 1056 1015 1120 in
1038 1056 1178 1142 singulis
1201 1055 1312 1122 verbis

148 1163 326 1228 offensioni
350 1170 408 1240 est,
433 1163 541 1228 facere
556 1184 625 1227 non
642 1169 745 1248 potes,
769 1164 853 1248 quin
868 1185 985 1229 versus
1007 1191 1025 1229 κ
1042 1163 1216 1228 arr-308
1232 1163 1312 1248 pris·

149 1291 207 1334 cae
230 1270 330 1335 aetati
353 1269 489 1351 tribuas.

237 1411 417 1477 Attamen
441 1418 499 1491 est,
524 1411 616 1498 quod
638 1411 754 1478 obstat.
812 1372 927 1478 Ulixes
951 1412 1050 1491 enim,
1083 1412 1141 1477 ubi
1163 1399 1312 1499 primum

149 1522 310 1606 juvenem
346 1505 674 1606 adpropinquantem
708 1518 859 1605 adspicit,
899 1519 1012 1585 statim
1035 1518 1239 1585 Mercurium
1261 1541 1311 1585 co·

147 1626 286 1712 gnoscit,
324 1647 402 1690 eum
425 1625 468 1690 ad
492 1625 676 1711 Olympum
699 1626 895 1691 redeuntem
917 1625 1010 1700 videt
1043 1647 1153 1712 neque
1176 1647 1310 1705 nomen,

149 1754 216 1819 quo
240 1731 293 1798 dei
315 1733 481 1818 magicam
509 1732 647 1798 herbam
670 1733 849 1821 appellant,
878 1719 1020 1820 ignorat.
1069 1732 1186 1813 Quid?
1220 1731 1311 1818 quod

148 1839 536 1926 simplicissimisssverbis
560 1839 614 1905 dei
636 1840 860 1927 praesentiam
883 1841 983 1905 refert
1020 1837 1136 1929 (ἔνθα
1166 1869 1222 1927 μοι
1249 1843 1311 1933 Ἑρ-

146 1962 241 2034 μείας
274 1949 505 2033 ἄντεβόλησεν’
530 1953 563 2012 et
585 1949 714 2036 (ἀπέβη
738 1947 821 2036 πρδς
844 1946 1029 2036 Ὀλυμπον’
1060 1947 1123 2012 277
1155 1953 1194 2036 et·
1209 1947 1311 2030 307)?

147 2053 238 2141 quod
262 2075 304 2119 ne
328 2053 429 2119 verbo
453 2053 590 2139 quidem
608 2060 847 2119 commemorat
869 2054 946 2121 miu'
962 2054 1149 2141 quidquam
1173 2045 1311 2120 deorum

147 2183 224 2227 cum
255 2160 459 2248 hominibus·
473 2160 646 2247 colloquiis
673 2161 806 2226 inesse?
862 2162 983 2226 Nonne
1006 2161 1139 2229 videtur
1172 2161 1311 2228 deorum
1421 2155 1424 2161 ’

147 2267 345 2334 commercio
370 2267 449 2333 satis
472 2269 657 2351 assuetusa
683 2267 823 2355 Asshoc
842 2274 880 2334 ut
895 2289 936 2333 ex
958 2268 1051 2334 libris
1067 2293 1087 2352 χ
1103 2274 1136 2334 61
1151 2297 1181 2336 a
1193 2289 1311 2354 cogno

148 2375 270 2453 vimus,
295 2374 470 2440 recentiori
492 2375 592 2440 aetati
615 2375 805 2440 testimonio
829 2381 886 2441 est.

236 2535 331 2600 Certe
355 2534 509 2621 quidem;
546 2536 736 2601 recentioris
768 2542 800 2600 et
822 2535 950 2622 priscae
973 2535 1090 2601 aetatis
1113 2541 1311 2623 argumenta
1407 2552 1408 2556 ’

146 2644 182 2708 in
205 2642 362 2708 hocloco
385 2663 491 2727 aeque
526 2649 626 2728 atque
659 2664 760 2728 supra
793 2643 828 2707 in
857 2642 941 2708 libro
964 2669 986 2707 α
1017 2642 1199 2709 commixta
1221 2649 1309 2708 sunt.

147 2751 292 2815 Causam
326 2770 414 2823 vero,
453 2770 513 2815 cur
542 2749 605 2815 hoc
628 2750 755 2816 lactum
778 2750 830 2828 sit,
866 2749 1046 2815 Kirchhoff
1068 2747 1134 2837 (pg.
1159 2749 1224 2834 292
1248 2749 1310 2837 sq.)

147 2857 359 2942 sagacissime
398 2857 560 2942 exposuit,
607 2878 685 2922 cum
722 2856 910 2922 ostenderet
948 2857 1139 2922 Phaeacum
1177 2856 1310 2923 fabulae

147 2965 226 3029 satis
264 2984 424 3048 magnam
453 2969 583 3048 partem
613 2985 633 3028 a
667 2963 772 3041 tertia,
809 2969 847 3028 ut
879 2963 926 3029 ita
959 2963 1069 3028 dicam
1098 2963 1134 3028 in
1164 2963 1310 3049 primam

60 3089 63 3094 ·
146 3092 324 3156 personam
358 3071 609 3156 transscriptam
639 3092 718 3137 esse.
767 3071 842 3137 Hac
876 3077 989 3163 cutem
1019 3076 1113 3156 parte
1136 3070 1237 3136 etiarn
1260 3092 1307 3137 vs.

22 3183 27 3191 ’
145 3206 164 3244 κ
177 3177 361 3256 277-308,
379 3183 417 3242 ut
431 3178 610 3243 Kirchhoff
631 3179 702 3264 ipse
726 3178 806 3244 dicit
828 3187 897 3264 (pg.
911 3179 976 3244 305
989 3175 1062 3266 sq),
1087 3177 1307 3246 continentur.

146 3286 272 3351 Omnes
306 3285 397 3349 enim
431 3285 632 3350 offensiones
664 3285 701 3350 in
743 3307 781 3351 6ο
820 3291 1014 3361 vertuntur,
1063 3284 1154 3371 quod
1193 3284 1308 3351 Ulixes

73 3399 76 3405 '
145 3415 197 3458 res
222 3392 353 3459 divinas
376 3393 477 3461 nimis
493 3399 646 3478 expertas
669 3392 770 3460 habet
792 3394 862 3466 (cfr.
877 3392 1086 3458 Kirchhoffl.
1100 3392 1144 3475 l.).
1181 3391 1309 3458 sivero

144 3522 213 3565 non
250 3500 375 3578 Ulixes,
411 3498 470 3564 scd
503 3507 602 3585 poeta
636 3505 758 3579 narrat,
794 3499 998 3589 Mercurium
1033 3499 1063 3564 ei
1086 3498 1308 3564 adulescentis

145 3607 254 3693 specie
289 3606 446 3671 indutum
476 3605 612 3672 obviam
646 3607 787 3686 venisse,
821 3606 984 3672 nonnulla
1006 3606 1109 3698 verba
1143 3605 1308 3671 comitatis

145 3715 245 3800 plena
267 3714 416 3778 locutum
440 3714 562 3778 erranti
585 3713 761 3778 mirificam
794 3712 943 3792 herbam,
980 3734 1049 3799 qua
1071 3713 1181 3778 Circes
1215 3711 1308 3778 dolos

145 3829 178 3887 61
199 3826 286 3886 artes
320 3820 413 3885 irrita
445 3821 576 3899 lacerat,
611 3820 796 3899 tradidisse,
832 3827 906 3886 tum
928 3819 971 3885 ad
995 3819 1179 3906 Olympum
1202 3841 1307 3885 rever-

144 3929 233 4008 tisse,
258 3929 286 3993 si
309 3949 381 3992 rem
410 3928 501 3993 hunc
529 3928 565 3992 in
587 3927 726 3993 modum
750 3927 967 4006 instituimus,
1000 3948 1068 3992 non
1093 3926 1202 3992 solum
1224 3925 1307 3991 diffi-

145 4036 285 4102 cultates
309 4035 472 4100 tolluntur
495 4074 535 4084 —
561 4035 642 4120 quia
664 4034 780 4101 Ulixes
814 4035 885 4120 ipse
920 4033 961 4099 de
992 4034 1053 4100 deo
1077 4033 1215 4107 omnino
1238 4055 1307 4099 non

144 4142 247 4209 verba
269 4143 349 4208 lacit
365 4179 417 4221 —,
442 4142 499 4207 sed
524 4142 624 4208 etiam
647 4142 864 4208 manifestum
887 4142 933 4221 fit,
957 4148 1066 4206 totum
1088 4141 1199 4206 locum
1214 4140 1306 4206 haud

145 4249 333 4337 spernenda
350 4255 430 4328 arte,
454 4256 493 4314 ut
516 4270 617 4335 supra
633 4247 789 4327 vidimus,
813 4248 1039 4334 conscriptum
1063 4248 1191 4334 priscae
1207 4247 1332 4314 cetati‘

144 4356 395 4423 attribuendum
419 4377 500 4421 esse.

232 4482 351 4568 Itaque
373 4487 488 4546 nostra
511 4479 703 4548 divinarum
726 4500 838 4547 rerum
862 4478 1061 4566 cognitione,
1086 4499 1172 4564 quae
1188 4459 1305 4555 Kimb-
