3218 5332
688 339 908 404 ..53-

307 532 420 611 Nunc,
443 555 522 600 vero
558 534 707 598 maxima
742 556 819 619 pars
854 536 1080 600 offensionum
1109 536 1299 600 continetur
1321 557 1390 601 ver-

220 639 312 704 sibus
336 642 521 719 rel-396,
546 641 669 726 quibus
694 641 789 707 etde
814 641 912 707 rebus
936 642 1210 728 temporibusque
1234 643 1387 728 praeteri-

219 747 262 811 tis
298 753 330 812 et
365 747 419 812 de·
441 748 539 812 rebus
564 748 795 820 Ithacensihus
828 749 931 815 verba
954 750 1049 828 fiunt,
1087 749 1304 835 eiusdemque
1338 772 1390 834 ge·
1422 775 1425 779 ·

219 855 309 920 neris
326 856 529 930 offensiones,
544 840 586 919 in
602 878 650 921 vs
669 857 854 935 eoo-208,
880 858 1059 923 ale-219*
1077 857 1279 936 invenimus,
1306 879 1390 942 quos

220 961 262 1026 ab
286 962 349 1027 hoc
372 969 486 1027 nostro
508 963 545 1026 in
569 962 786 1048 epiphaniam
810 963 851 1031 νι
884 964 1026 1029 insertos
1050 965 1279 1049 cognovimus.
1338 966 1391 1028 Ex

219 1069 324 1160 altera
347 1075 460 1135 autem
477 1077 570 1154 parte
587 1069 812 1134 intelleximus
830 1071 1047 1156 epiphaniam
1065 1072 1104 1139 ν1
1129 1093 1198 1135 non
1221 1070 1265 1136 ad
1288 1071 1390 1136 finem

219 1175 418 1261 perductam
454 1178 535 1254 esse,
571 1177 654 1262 quin
686 1177 787 1242 etiam
810 1176 858 1243 v's
884 1179 1038 1242 324-29
1064 1183 1103 1261 -Ι-
1129 1179 1294 1256 eea-60,
1331 1179 1390 1263 qui

220 1282 264 1348 ad
288 1284 506 1368 epiphaniam
529 1283 568 1351 νΙ
600 1284 769 1368 pertinent
792 1291 825 1349 et
848 1285 990 1349 eandem
1014 1291 1120 1350 artem
1144 1286 1317 1371 resipiunt,
1354 1286 1389 1350 in

219 1391 438 1476 posteriorem
461 1397 592 1476 partem
614 1391 756 1455 insertos
772 1413 860 1457 esse.
910 1392 1038 1467 Quodsi
1062 1392 1229 1478 fingamus
1254 1393 1388 1478 epipha-

220 1499 313 1562 niam
337 1497 375 1566 v¹
401 1504 433 1562 et
455 1497 496 1566 vl
530 1520 550 1562 a
588 1498 727 1584 diversis
759 1500 866 1584 poetis
901 1500 1102 1584 compositas
1126 1521 1207 1579 esse,
1241 1501 1388 1585 primurn

220 1605 316 1670 facile
340 1604 569 1689 explicabitur,
594 1591 684 1669 unde
696 1605 771 1670 illae
795 1606 951 1691 ineptiae,
976 1606 1099 1691 quibus
1123 1606 1387 1681 offendebamur,

220 1718 351 1777 coortae
397 1713 476 1776 sint:
542 1712 574 1776 ls
621 1712 680 1797 qui
726 1713 917 1777 Phaeacum
972 1713 1123 1778 fabulam
1170 1714 1388 1792 continuavit,
1490 1791 1492 1795 ι

220 1841 298 1885 curn
322 1825 425 1884 sortes
449 1819 558 1885 Ulixis
581 1813 705 1885 reversi
729 1826 906 1898 enarraret,
943 1820 1039 1904 illum
1073 1827 1205 1905 poetam
1229 1821 1275 1885 ita
1299 1843 1388 1886 exce-

220 1928 278 2012 pit,
311 1933 348 1991 ut
375 1927 446 1991 eius
481 1926 729 1991 conclusionem
751 1927 956 2012 opprimeret
979 1928 1226 2013 nonnullosque
1261 1950 1387 2006 versus,

120 2054 123 2060 ·
220 2035 312 2100 velut
335 2034 401 2099 324
424 2055 472 2119 sq.
498 2033 564 2098 344
588 2055 648 2119 sq,
684 2034 719 2098 in
756 2055 856 2098 suum
880 2055 1015 2100 carmen
1039 2035 1207 2121 reciperet.
1268 2035 1299 2101 V
1301 2036 1388 2100 erisi-

219 2142 298 2206 mile
333 2148 447 2206 autem
482 2147 540 2220 est,
577 2162 656 2205 eum
690 2163 756 2206 non
796 2141 914 2220 solum,
951 2149 989 2206 ut
1022 2141 1096 2206 illos
1130 2163 1247 2208 versus
1270 2164 1388 2208 verum
1486 2164 1489 2171 ·

220 2250 321 2321 etiam
346 2249 484 2314 omnino
519 2269 623 2334 quam
658 2249 820 2333 plurimos
844 2250 1009 2327 retineret,
1044 2248 1220 2335 studuisse,
1257 2270 1325 2334 qua
1353 2250 1390 2314 in

222 2378 256 2421 re
282 2378 335 2421 ars
359 2377 437 2421 eum
460 2377 530 2420 non
553 2356 666 2419 minus
690 2355 811 2420 defecit
845 2377 948 2440 quam
982 2357 1019 2438 in
1042 2356 1113 2421 istis
1136 2354 1289 2422 versibus
1312 2357 1389 2421 reci-

220 2463 362 2549 piendis,
423 2463 499 2528 Hac
533 2463 574 2527 de
610 2482 711 2528 causa
734 2465 861 2528 lactum
884 2463 1026 2543 videtur,
1062 2469 1174 2528 utres
1198 2464 1389 2528 Ithacenses

218 2572 318 2636 inerti
364 2592 442 2636 cum
480 2570 641 2636 brevitate
687 2571 787 2635 modo
836 2553 1074 2636 adumbraret'
1129 2571 1285 2656 Namque
1330 2571 1389 2656 qui

219 2679 322 2744 libros
358 2708 452 2766 ε-μ,
491 2677 549 2743 ubi
583 2678 692 2744 Ulixis
729 2699 854 2743 errores
890 2683 1097 2756 enarrantur,
1134 2678 1316 2762 epiphania
1347 2679 1387 2747 νι

219 2785 399 2864 concludit,
424 2807 476 2850 res
492 2785 683 2850 ithacenses
700 2807 769 2849 non
786 2785 851 2850 nisi
875 2785 982 2850 obiter
997 2785 1218 2870 perstringere
1237 2784 1388 2863 debebat,

219 2895 300 2978 quia
323 2893 378 2958 hic
401 2914 469 2958 uno
492 2893 638 2957 Tiresiae
662 2893 820 2959 vaticinio
844 2899 980 2978 excepto
1006 2890 1035 2977 (λ
1062 2892 1223 2979 115-20)
1255 2893 1324 2957 solo
1349 2893 1389 2956 dc

220 3001 329 3066 Ulixis
353 3000 464 3065 reditu
487 3001 597 3085 agitur
630 2998 700 3086 (cir.
726 3029 741 3067 ε
764 3001 805 3065 ,41
832 3022 880 3085 sq.
908 3000 971 3063 114
995 3021 1042 3085 sq.
1072 3001 1143 3063 153.
1170 3000 1244 3080 220,
1263 3029 1289 3088 -η
1317 3001 1387 3064 151.

222 3110 293 3173 193.
320 3109 384 3172 223
409 3130 456 3194 sq.
484 3109 557 3173 320.
584 3109 658 3187 333,
684 3116 712 3174 θ
738 3108 809 3173 156.
835 3108 910 3185 466,
935 3137 947 3173 ι
971 3107 1023 3172 97.
1049 3108 1123 3185 261,
1149 3135 1167 3172 κ
1191 3107 1242 3170 29.
1264 3108 1317 3170 49.
1336 3110 1387 3172 66.

218 3217 294 3281 416.
319 3216 394 3281 420.
419 3217 494 3280 472.
519 3216 586 3279 484
609 3215 688 3303 sq.);
725 3215 809 3300 quin
844 3215 945 3280 etiam
967 3215 1003 3278 in
1028 3214 1185 3280 omnihus
1209 3214 1273 3278 illis
1297 3213 1389 3279 libris

219 3345 331 3388 rerum
354 3323 583 3388 Ithacensium
613 3344 789 3407 nunquam
815 3303 940 3387 mentio
964 3322 1010 3400 fit,
1044 3322 1102 3386 sed
1125 3328 1224 3407 poeta
1247 3343 1319 3386 rem
1342 3322 1389 3385 ita

218 3431 387 3509 instruxit,
412 3437 459 3510 ut,
475 3430 535 3516 qui
551 3430 677 3514 legunt,
703 3430 895 3494 existiment
912 3430 1026 3493 omnia
1049 3429 1091 3492 ad
1115 3429 1245 3494 felicem
1262 3428 1390 3492 exitum

219 3537 380 3624 perducta
416 3559 497 3616 esse,
535 3538 562 3603 si
597 3537 697 3603 modo
722 3537 837 3602 Ulixes
861 3536 1001 3600 domum
1033 3536 1213 3602 reverterit.
1272 3536 1389 3619 ltaque

218 3645 399 3712 verisimile
423 3652 472 3710 est
488 3627 638 3731 priscum
654 3650 797 3730 poetam,
827 3651 1007 3729 postquam
1033 3643 1147 3710 Ulixes
1171 3643 1269 3707 rediit
1291 3642 1389 3727 patri-

218 3775 342 3838 amque
367 3753 533 3838 cognovit,
570 3753 758 3817 Minervam
785 3751 901 3836 paucis
920 3751 1030 3816 verbis
1055 3750 1095 3815 de
1119 3749 1219 3816 rebus
1242 3749 1390 3815 Ithacen-

219 3847 311 3926 sibus
338 3899 378 3908 —·
404 3881 490 3945 quae
515 3859 653 3945 quidem
676 3859 737 3924 etsi
761 3858 913 3924 versibus
937 3880 1007 3923 non
1029 3858 1151 3922 inclusi
1186 3864 1299 3922 tamon
1323 3879 1388 3921 me-

219 3968 326 4033 moria
348 3968 542 4033 ferebantur
564 3965 633 4053 (cir.
659 3967 756 4032 vatio.
781 3965 898 4052 Tires.)
933 4004 975 4012 —
1006 3965 1224 4030 disserentem
1247 3964 1389 4029 felicem-

219 4096 285 4161 que
320 4076 448 4140 exitum
471 4074 766 4160 praenuntiantem
800 4074 927 4151 fecisse,
965 4073 1060 4138 cuius
1097 4072 1256 4136 orationis
1289 4072 1389 4156 speci·

218 4176 312 4247 mina
344 4182 489 4267 ,direpta
533 4181 696 4246 nimirum
741 4188 774 4246 et
820 4180 947 4246 variata
985 4179 1129 4245 versibb.
1169 4180 1320 4242 377-81
1358 4184 1391 4243 et

219 4291 372 4355 393-96
397 4295 539 4354 exstant.
571 4289 638 4354 Hic
661 4310 740 4354 vero
763 4294 886 4366 noster,
911 4287 970 4372 qui
994 4308 1045 4352 res
1062 4285 1254 4351 ithacenses
1277 4292 1389 4370 aperte

219 4404 252 4462 et
274 4397 429 4462 distincte
453 4417 619 4481 exponere
644 4394 794 4473 debebat,
834 4394 976 4460 obscura
1015 4393 1177 4459 brevitate
1215 4414 1295 4457 usus
1331 4400 1389 4467 est,

219 4526 296 4570 cum
319 4505 465 4570 nimium
488 4504 588 4590 prisci
612 4510 729 4589 poetae
752 4502 863 4568 verbis
887 4502 1091 4581 adhaereret,
1126 4499 1218 4586 quod
1237 4501 1389 4566 ,fortassis
