3218 5332
683 313 903 380 ..12-

217 474 302 576 dunl
326 534 442 577 versus
466 511 573 576 iterati
599 541 624 578 ω
648 511 689 575 27
714 534 755 576 ex
778 540 798 593 y
821 512 895 587 222,
921 538 946 574 ω
971 509 1011 573 51
1036 510 1093 573 cfr.
1118 510 1221 588 ,4188
1245 509 1278 598 (q
1306 514 1399 593 157),

217 648 241 684 ω
267 621 332 682 395
357 642 396 684 ex
420 649 440 703 γ
464 621 538 696 389,
571 649 595 685 ω
620 620 684 681 393
709 620 767 682 cfr.
792 620 815 693 β
839 620 890 692 39,
928 648 953 684 ω
984 616 1046 679 421
1078 618 1135 682 etr.
1159 623 1182 696 β
1205 619 1236 689 9,
1274 649 1300 686 ω
1327 623 1400 687 425

218 748 258 790 ex
282 734 306 806 β
330 727 382 805 24,
408 753 431 789 ω
455 728 549 790 451-
566 729 609 789 54
634 748 675 789 ex
697 725 900 805 β157-61,
926 752 950 788 ω
967 724 1032 788 460
1056 725 1113 788 clr.
1137 731 1161 805 β
1176 726 1251 800 238,
1278 757 1304 793 ω
1326 731 1398 794 503

218 841 250 898 et
273 836 338 898 548
363 857 404 899 ex
426 842 450 914 β
473 836 537 899 269
562 840 593 898 et
618 834 693 896 401.

307 941 483 1005 Praeterea
522 941 556 1004 in
589 940 742 1006 versibus
782 970 806 1006 ω
840 938 1015 1003 472--548
1051 939 1236 1022 permultae
1271 941 1398 1010 insunt

219 1049 421 1112 offensiones
446 1047 568 1132 quibus
592 1048 752 1111 doeemur
776 1068 862 1123 eum,
888 1047 946 1132 qui
971 1046 1031 1109 hos
1054 1066 1171 1110 versus
1187 1053 1397 1132 composuit,

218 1156 276 1220 vix
311 1155 373 1220 sibi
408 1156 483 1239 ipsi,
519 1176 602 1240 quas
638 1176 689 1218 res
724 1159 901 1232 enarraret,
939 1153 1051 1217 animo
1091 1153 1247 1231 finxisse;
1282 1158 1397 1224 veluti

218 1285 267 1329 vs.
283 1293 306 1329 ω
324 1263 390 1327 499
415 1284 484 1325 non
509 1262 623 1347 liquet,
649 1260 738 1325 unde
764 1260 878 1325 Ulixes
902 1261 1091 1325 Ithacenses
1105 1261 1397 1348 adpropinquare

218 1375 427 1454 compertum
462 1368 592 1450 habeat,
627 1389 737 1453 neque
766 1367 935 1452 quomodo
959 1366 1046 1430 Delii
1070 1367 1159 1431 filins
1182 1372 1395 1452 cognoverit.

219 1492 384 1560 quosnam
423 1475 577 1539 homines
616 1474 669 1539 ille
709 1475 818 1541 verbis
856 1471 981 1559 ‘exedat
1021 1467 1082 1542 eim
1120 1473 1257 1554 ulovrig'
1300 1477 1395 1563 (491)

220 1583 422 1667 significarit.
482 1582 587 1658 Adde,
626 1581 717 1666 qnod
742 1582 866 1659 Ulixes
902 1604 979 1646 cum
1004 1582 1192 1648 Minervam
1225 1585 1394 1652 Mentoris

219 1691 328 1775 specie
374 1689 702 1774 adpropinquantem
748 1689 848 1761 videt,
895 1689 992 1754 valde
1038 1691 1175 1773 gavisus
1214 1730 1256 1738 -
1296 1692 1393 1758 Tele-

218 1797 378 1871 machum
411 1795 577 1871 admonet,
614 1803 651 1861 ut
685 1803 819 1880 patrum
852 1818 973 1881 genere
1008 1818 1042 1861 se
1071 1797 1213 1882 dignum
1242 1808 1392 1883 praestet

220 1906 296 1989 (506
331 1911 413 1989 sq.);
453 1904 587 1968 Laertes
624 1924 759 1988 quoque
795 1903 866 1967 sine
901 1904 969 1967 ulla
1003 1904 1130 1969 ratione
1166 1907 1316 1991 prolecto
1352 1930 1391 1974 se

218 2011 363 2096 gaudere
387 2011 560 2096 profitetur
583 2017 693 2096 atque,
719 2031 926 2095 quamquam
952 2018 983 2075 et
1006 1997 1125 2076 Jovem
1150 2021 1182 2077 et
1198 2013 1391 2080 Minervam

204 2119 373 2204 precibus
408 2119 605 2204 compellare
639 2121 753 2204 jussus
788 2124 846 2194 est,
883 2118 986 2182 solam
1018 2119 1205 2185 Minervam
1240 2123 1392 2205 appellat

218 2225 314 2314 (521).
374 2228 525 2293 Minerva
547 2229 629 2313 ipsa,
666 2249 752 2312 quae
775 2247 893 2312 pacem
916 2227 1045 2290 tactura
1077 2226 1112 2289 in
1144 2233 1266 2291 terram
1290 2226 1390 2294 devo-

218 2335 308 2413 lavit,
332 2335 457 2400 bellurn
482 2336 608 2412 suadet,
634 2336 666 2399 et
689 2334 901 2433 paullopost
924 2333 1124 2407 Ithaeenses,
1150 2335 1208 2419 qui
1233 2336 1389 2402 nondum

218 2464 370 2527 pugnare
394 2450 583 2527 coeperunt,
616 2442 657 2506 dc
681 2441 766 2507 bollo
791 2440 948 2505 desistere
970 2439 1073 2525 jubet.
1114 2441 1269 2526 Denique
1292 2443 1390 2510 lovis

217 2550 355 2627 fulmen,
381 2572 448 2636 qno
472 2551 587 2616 Ulixes
610 2556 809 2626 coerceatur,
834 2548 1021 2614 Minervam
1045 2537 1266 2634 praestringit.
1336 2555 1339 2561 '

305 2657 373 2722 Ista
411 2680 489 2724 vero
528 2658 642 2722 omnia
679 2664 778 2742 poeta
816 2655 967 2722 versibus
1005 2677 1043 2720 ae
1084 2655 1194 2721 verbis
1232 2657 1387 2743 undique

218 2764 362 2829 collectis
386 2765 432 2829 ita
456 2766 626 2850 expressit,
653 2772 690 2829 ut
705 2771 891 2841 centonem,
916 2764 974 2848 qui
992 2769 1138 2841 vocatur,
1164 2785 1232 2827 non
1249 2786 1387 2831 carmen

217 2872 371 2937 videatur
409 2857 644 2959 composuisse
686 2873 783 2948 ·era
821 2873 856 2935 in
895 2894 929 2936 re
964 2877 1097 2955 poetam
1137 2873 1386 2938 recentissimae

216 2981 333 3044 aetatis
368 2982 421 3046 vel
457 3003 498 3045 ex
531 3003 569 3045 eo
593 2981 775 3066 cognoscis
812 2979 902 3065 quod
927 3001 1043 3045 versus
1069 3001 1110 3044 ex
1134 2979 1291 3044 omnibus
1316 2981 1386 3047 lere

217 3086 330 3151 Iliadis
355 3095 387 3153 et
411 3088 579 3174 Odysseae
604 3088 754 3173 partibus
778 3087 946 3172 corripuit.

307 3196 436 3260 Deinde
475 3203 573 3281 poeta
594 3209 679 3260 'non
727 3216 800 3258 raro
839 3193 881 3258 ab
920 3194 1100 3258 Homerico
1140 3194 1272 3276 dicendi
1319 3218 1385 3261 usu
1474 3209 1477 3213 ’

217 3304 360 3381 recessit,
400 3325 478 3367 cunr
502 3303 604 3368 verba
627 3301 794 3388 frequenti
827 3323 890 3365 nsu
915 3301 1094 3365 constituta
1126 3302 1269 3366 variaret
1293 3303 1387 3368 velut

217 3412 343 3497 ‘adreio
368 3412 441 3478 lael
465 3409 576 3490 πόσιος
600 3423 656 3477 καὶ
680 3412 813 3494 {defruor
837 3411 873 3487 ἐξ
896 3410 968 3499 ε’·’ρον
992 3416 1081 3476 aeo’
1107 3411 1326 3475 oomnmtavit
1349 3410 1385 3475 in

189 3518 263 3584 ·‘ol
288 3521 314 3585 d’
352 3519 424 3585 ἐπεὶ
460 3511 518 3587 orie
550 3531 647 3584 σίτοιο
680 3520 868 3603 μελίφρονος
898 3519 934 3595 ἐξ
967 3515 1038 3602 ἴρον
1069 3524 1160 3584 ἔντυ’
1187 3511 1284 3602 (489),
1316 3540 1385 3602 quo

217 3647 316 3691 vorsu
344 3626 512 3710 hymnum
536 3625 700 3710 Apollinis
725 3624 811 3710 (499)
847 3624 979 3689 videtur
1002 3625 1152 3689 imitatus
1176 3646 1256 3702 esse,
1292 3647 1384 3708 prae-

217 3733 330 3797 sertim
362 3755 438 3798 cum
473 3733 572 3797 etiam
607 3755 655 3798 vs
682 3733 725 3796 60
747 3731 878 3817 (hymn.
904 3731 967 3816 Ap.
997 3732 1069 3818 199)
1105 3739 1138 3796 ct
1165 3732 1230 3797 402
1255 3733 1381 3817 (hymn.

216 3840 279 3923 Ap.
313 3840 393 3925 466)
429 3841 465 3904 in
501 3839 615 3903 eodem
640 3839 777 3924 hymno,
814 3840 952 3909 99929
989 3840 1139 3904 similiter
1173 3840 1207 3903 in
1243 3840 1397 3919 Hesiodi

139 3926 144 3935 ²
218 3947 318 4010 Sento
342 3947 428 4034 (444)
452 3947 651 4012 inveniatur.
700 3947 816 4031 Neque
841 3968 918 4011 eum
943 3946 1082 4010 Homeri
1106 3969 1226 4031 genere
1251 3947 1383 4012 dicendi

216 4055 390 4130 crmsentit,
435 4053 526 4139 <prod
564 4053 666 4119 verbo
702 4052 867 4118 abstracto
900 4054 1048 4141 ίἔκλησιν
1088 4057 1239 4137 999999
1279 4056 1384 4118 utitur

216 4160 320 4248 (489)·
346 4162 424 4227 item
450 4161 603 4226 dissentit
626 4183 691 4227 vox
715 4170 862 4252 γραπτῦς
877 4161 967 4249 (229)
990 4162 1111 4255 plurali
1134 4184 1274 4226 numero
1292 4185 1383 4227 usur-

216 4276 294 4354 pata
317 4269 560 4355 („snbstantiva
583 4271 617 4334 in
642 4298 684 4350 υς,
718 4292 804 4355 quae
834 4292 854 4334 a
876 4271 1102 4355 grammaticis
1126 4269 1292 4334 abstracta
1314 4260 1398 4334 vers

216 4377 304 4441 belia
327 4384 498 4448 vocantur,
533 4377 575 4441 ab
601 4377 749 4441 Homero
774 4377 934 4460 singulari
959 4354 1090 4441 tantum
1127 4399 1266 4465 numero
1291 4399 1382 4441 nsnr·

217 4491 359 4568 pentur‘
401 4484 603 4564 Volkmann,
651 4484 948 4549 commentationes
995 4485 1117 4570 opicae,
1164 4485 1253 4570 lips.
1297 4486 1381 4549 1854
