3218 5332
617 337 837 403 ..67-

144 552 323 617 compages
346 552 415 596 non
440 553 514 597 raro
538 532 847 618 interrumperetur.
907 530 947 596 ld
983 552 1071 610 vero,
1109 532 1200 616 quod
1234 552 1307 596 oon-

143 640 290 725 ]'ecturae
313 660 352 704 eo
374 639 482 724 magis
506 638 775 725 comprobantur,
807 661 874 725 quo
905 638 1089 724 simplicius
1114 660 1227 704 rerum
1251 659 1307 703 na·

144 752 256 811 turam
279 746 455 832 explicant,
480 746 515 810 id
538 747 721 811 maximam
746 768 840 832 spem
863 747 943 813 lacit
965 768 1013 825 ea,
1039 767 1125 832 quac
1148 767 1209 810 nos
1234 747 1307 811 effe·

144 853 262 932 cimus,
288 874 366 921 cum
389 852 489 919 rebus
511 853 594 938 ipsis
616 855 811 920 consentire.

480 1024 489 1043 '
597 1049 776 1136 ,111

250 1192 349 1258 Nunc
372 1213 451 1259 vero
475 1191 518 1257 ad
540 1214 589 1258 vs.
608 1220 635 1260 π
653 1192 825 1257 155-177
849 1198 1067 1273 transeamus,
1083 1193 1142 1259 ubi
1157 1194 1309 1261 Minerva

143 1299 180 1363 in
202 1299 354 1379 Eumaei,
379 1299 438 1385 qui
462 1299 651 1384 Penelopen
674 1321 791 1365 versus
822 1299 981 1376 discessit,
1013 1301 1130 1366 aulaeo
1162 1322 1308 1366 commu-

143 1407 268 1472 tatione
302 1406 471 1492 paulisper
509 1406 640 1472 sublata
678 1406 787 1485 elficit,
826 1413 864 1471 ut
907 1407 1021 1473 Ulixes
1055 1429 1076 1473 a
1109 1407 1309 1473 Telemacho

144 1520 373 1599 cognoscatur.
427 1510 579 1580 Minoris
611 1512 674 1579 hoc
707 1513 779 1578 loco
811 1513 929 1578 eadem
962 1515 1127 1580 formosae
1159 1515 1309 1580 mulieris

143 1621 252 1685 forma
275 1620 381 1684 utitur
404 1627 504 1706 atque
528 1620 564 1684 in
594 1619 690 1685 libro·
702 1648 731 1698 v,
756 1641 918 1705 quaeres
946 1642 1014 1685 non
1039 1621 1126 1687 male
1148 1622 1310 1687 instructa

144 1733 202 1792 cst.
250 1727 339 1792 Nam
362 1734 471 1813 poeta,
495 1747 573 1792 curn
605 1726 701 1791 deam
727 1728 896 1812 cognitam
920 1734 1075 1813 agentem
1106 1730 1214 1794 iacere
1237 1750 1309 1814 pro-

144 1834 291 1920 positum
314 1834 460 1913 haberet,
478 1833 649 1900 Minervae
672 1834 798 1918 optimo
821 1837 895 1921 jure
920 1856 994 1899 eam
1018 1836 1164 1921 speciem
1186 1836 1308 1915 induit,

144 1962 212 2026 qua
234 1941 288 2008 vel
302 1948 402 2006 antea
424 1962 505 2007 usus
529 1948 606 2007 erat.
624 1939 665 2029 ¹³)
723 1941 835 2026 Atque
859 1964 893 2007 re
909 1963 988 2008 vera
1002 1942 1044 2008 ab
1063 1943 1160 2009 Ulixe
1175 1964 1310 2028 cognos-

143 2049 238 2128 citur,
255 2048 315 2113 sed
337 2070 405 2113 non
429 2048 673 2127 aTelemaoho,
701 2069 830 2134 „neque
855 2050 965 2113 11111ιι
983 2057 1081 2135 poeta
1104 2051 1200 2116 docet
1223 2051 1309 2137 (161)

145 2156 219 2235 „dei
252 2154 420 2220 omnibus⁸
441 2155 610 2220 manifesti
638 2161 832 2241 apparent.“
879 2157 954 2222 Hoc
985 2177 1026 2221 ex
1058 2179 1157 2223 versu
1187 2157 1310 2222 intelle-

142 2263 254 2348 gimus
278 2269 410 2348 poetam
434 2268 467 2327 et
496 2283 568 2327 rem
591 2262 670 2328 satis
694 2262 870 2348 diligenter
892 2262 954 2328 sibi
975 2264 1178 2349 excogitasse
1201 2285 1311 2350 neque

143 2391 211 2434 non
236 2390 378 2449 curasse,
413 2390 516 2455 quam
546 2369 632 2434 mira
664 2376 750 2435 esset
773 2370 854 2435 deae
885 2372 1082 2455 praesentia,
1114 2372 1309 2457 praesertim

143 2497 221 2542 cum
252 2476 496 2562 superstitionis
519 2476 608 2542 illius
636 2477 854 2562 perantiquae
877 2478 1083 2543 mentionem
1111 2479 1243 2558 faceret,
1268 2500 1310 2543 ex

110 2662 114 2675 ,
143 2605 211 2669 qua
234 2605 333 2649 canes
364 2605 416 2649 res
440 2584 572 2650 divinas
602 2584 695 2670 prius
718 2605 822 2670 quam
845 2584 998 2651 homines
1027 2586 1196 2665 sentirent,
1221 2607 1308 2672 quae

144 2691 335 2777 superstitio
358 2713 418 2777 per
442 2692 521 2757 satis
544 2691 667 2757 multas
690 2697 805 2777 gentes
834 2691 1006 2778 divulgata
1029 2700 1086 2758 est.
1102 2693 1145 2780 14)
1190 2694 1308 2772 Causa,

250 2993 284 3062 ¹⁸)
302 2994 480 3050 Wilamovitz
498 2995 552 3062 (pg.
567 2992 613 3061 89)
632 3009 670 3047 vs.
688 2992 784 3055 157158
805 2991 849 3062 (=
861 3012 878 3044 ν
893 2992 1002 3060 189190)
1014 2992 1190 3048 eliminandos
1209 3001 1308 3064 censet,

145 3101 204 3139 cum
224 3084 293 3138 dicit
311 3084 465 3138 Minervam
484 3083 513 3137 in
532 3081 599 3136 libro
618 3101 634 3133 ν
652 3082 768 3150 pastoris
780 3098 893 3150 persona
912 3081 1033 3150 deposita
1046 3082 1162 3137 feminae
1181 3085 1308 3151 pulchrae

145 3181 173 3229 et
192 3189 317 3241 operosae
336 3173 433 3242 speeie,
453 3188 531 3240 quern
557 3173 592 3225 ad
613 3172 720 3226 modum
740 3171 891 3226 hominibus
916 3171 1062 3226 manifesta
1088 3172 1146 3242 fiat,
1170 3189 1307 3241 apparere.

144 3263 246 3317 Verum
265 3262 294 3316 in
312 3263 381 3317 libro
400 3281 419 3314 π
437 3263 514 3316 deam
533 3277 672 3330 personam
691 3278 744 3316 non
762 3261 882 3330 induere,
896 3261 1008 3316 formam
1026 3261 1122 3331 igitur,
1136 3277 1308 3333 quamquam,

144 3360 176 3406 ut
193 3352 235 3406 his
254 3352 376 3407 versibus
389 3352 560 3420 depingatur,
575 3351 662 3405 animo
676 3351 802 3419 fingenda
815 3350 859 3419 sit,
873 3356 964 3405 tamen
977 3351 1095 3405 hocloco
1108 3350 1308 3406 describendam

144 3458 196 3496 non
215 3441 307 3495 fuisse.
345 3441 399 3496 Sed
419 3456 487 3508 quae
507 3440 550 3495 vir
568 3440 739 3503 doctissimus
757 3441 842 3509 docet,
862 3456 922 3493 curn
936 3440 1141 3494 Homericorum
1160 3440 1307 3495 carminum

144 3540 202 3584 arte
228 3547 281 3585 non
307 3529 486 3585 consentiunt.
523 3529 647 3596 Namque
666 3545 725 3582 earn
743 3529 830 3596 ipsam
850 3529 882 3582 ob
909 3545 1024 3598 causam,
1044 3530 1115 3595 quod
1137 3529 1223 3583 iorma
1242 3530 1308 3584 deae

144 3619 192 3690 ita,
212 3627 243 3674 ut
266 3619 307 3674 his
326 3618 448 3674 versibus
474 3618 640 3688 depingitur,
660 3619 788 3687 fingenda
806 3624 855 3685 est,
876 3617 958 3672 etiarn
982 3618 1106 3672 hocloco
1133 3618 1308 3673 describenda

144 3708 207 3778 fuit,
225 3709 383 3777 praesertim
397 3724 457 3762 cum
476 3709 499 3762 si
518 3708 628 3776 formae,
642 3707 739 3775 quihus
759 3707 802 3760 dei
821 3713 976 3775 appareant,
990 3722 1043 3762 non
1061 3714 1306 3778 commemorentur,

144 3815 191 3853 nos
209 3799 289 3867 plane
306 3798 404 3852 incerti
422 3797 613 3866 relinquamur,
628 3797 757 3864 quomodo
776 3797 940 3850 immortales
953 3794 1029 3851 nobis
1044 3796 1184 3866 fingamus.
1224 3796 1307 3852 Acce

145 3887 187 3943 dit
205 3896 304 3957 autem,
324 3887 394 3956 quod
414 3887 463 3942 hoc
481 3888 538 3941 loco
556 3892 649 3954 aperte
668 3902 700 3940 11
719 3886 814 3954 forma,
833 3901 913 3953 quam
932 3884 1058 3940 Minerva
1077 3885 1106 3939 in
1123 3886 1267 3954 epiphania
1279 3884 1308 3938 ν’

144 3977 244 4047 induit,
263 3977 443 4046 significatur.

252 4064 285 4134 ¹⁴)
305 4066 362 4123 Gir.
380 4066 416 4122 A.
435 4065 562 4134 Wnttke,
580 4066 628 4118 der
653 4065 781 4119 deutsche
800 4064 1050 4132 Volksaberglaube
1069 4064 1116 4118 der
1135 4063 1307 4134 Gegenwart,

76 4176 79 4182 ·
144 4156 219 4225 Hbg.
239 4159 307 4210 1880
325 4156 343 4224 ᾖ
361 4159 410 4225 40;
427 4155 489 4211 Jac.
508 4154 623 4222 Grimm,
636 4152 764 4208 deutsche
783 4152 954 4222 Mythologic
972 4150 1016 4206 11¹
1035 4169 1079 4222 pg.
1100 4157 1170 4216 0323
1190 4153 1303 4223 Preller,

143 4246 276 4300 romische
295 4243 467 4313 Mythologie
485 4260 529 4313 pg.
551 4246 610 4297 987.
648 4242 905 4298 Commemoratione
924 4241 1032 4295 videtur
1052 4241 1173 4310 dignum,
1193 4243 1263 4308 quod
1277 4243 1305 4297 in

144 4351 176 4389 ea
193 4336 253 4403 ipsa
263 4335 399 4402 Odysseae
417 4339 502 4402 parte,
522 4349 574 4402 qna
593 4334 626 4387 de
636 4332 717 4388 Ulixe
736 4332 765 4385 in
783 4331 935 4386 mendicum
954 4337 1116 4385 commutato
1135 4331 1304 4401 1111111111-

144 4425 207 4493 pius
226 4426 258 4479 de
278 4440 373 4479 canum
400 4423 458 4478 acie
476 4430 505 4478 at
522 4421 674 4492 sagacitate
699 4421 781 4476 verba
804 4421 875 4476 fiunt
891 4421 950 4489 (cir.
970 4422 1034 4481 119
1055 4435 1093 4488 sq.
1112 4438 1132 4471 π
1150 4423 1166 4472 4
1186 4437 1225 4489 sq.
1246 4425 1304 4475 162.

144 4534 160 4586 ρ
179 4519 229 4569 191
249 4530 288 4583 sq.
314 4513 426 4570 Wilam.
445 4529 489 4584 pg.
509 4516 543 4566 88
563 4511 724 4582 Anmcrkg.)
1193 4521 1195 4527 ·

794 4622 799 4631 .
1112 4597 1145 4657 50
