3218 5332
784 286 917 353 ...70
962 324 1003 335 -

313 484 339 561 ζ,
365 511 393 569 η,
420 479 456 548 v¹
481 503 522 546 ex
545 482 716 547 communi
746 482 802 547 illo
830 483 971 568 mystico
1003 483 1111 549 colore
1139 482 1319 549 verisimile
1350 484 1480 550 tactum

312 594 370 666 est,
396 595 434 654 ut
455 589 510 653 isti
532 588 595 654 loci
618 588 660 654 ab
684 589 798 654 eodem
825 596 923 674 poeta
946 591 1097 676 concepti
1128 590 1204 669 sint,
1230 590 1348 656 eodem
1376 591 1480 657 modo

311 695 398 761 inter
429 696 625 782 epiphanias
655 694 692 765 21²
715 703 748 761 et
770 724 798 765 π
820 718 859 762 ea
891 697 1073 763 similitudo
1103 697 1286 776 intercedit,
1319 698 1413 784 quod
1443 700 1480 764 in

311 808 463 888 utraque,
495 825 581 888 quae
605 825 639 868 11
662 825 741 870 vera
763 805 851 869 facta
873 810 932 869 aut
954 811 1088 869 narrata
1110 811 1197 884 sunt,
1214 827 1284 870 non
1300 805 1480 891 diligenter

312 909 539 976 observantur.
587 911 741 996 Namque
765 911 860 975 utin
884 912 1063 996 posteriore
1095 910 1170 976 libri
1195 940 1214 981 ν
1236 918 1330 997 parte
1354 911 1395 978 de
1419 914 1480 977 Mi-

311 1037 434 1083 nervae
465 1017 598 1087 auxiliis
627 1016 799 1102 complura
827 1024 1014 1096 narrantur,
1045 1039 1131 1104 quae
1160 1039 1238 1083 cum
1267 1019 1367 1086 rebus
1394 1020 1480 1105 ipsis

313 1144 381 1188 non
405 1124 628 1203 consentiunt,
652 1124 699 1188 ita
721 1146 769 1190 VS.
797 1125 859 1189 176
884 1125 975 1190 Ulixi
998 1123 1148 1194 ‘avaram
1171 1129 1346 1207 revelatae
1375 1126 1480 1193 tribu-

311 1236 415 1296 untur
428 1229 476 1318 16),
509 1253 718 1318 quamquam
741 1254 788 1298 vs.
814 1260 833 1301 ν
855 1232 919 1298 lat
944 1232 1086 1318 legimus
1117 1255 1194 1298 eum
1225 1234 1320 1300 flavis
1349 1235 1481 1322 capillis

313 1336 470 1426 (ξανθοὲς
492 1339 625 1432 τρίχας)
648 1347 821 1425 comptum
844 1339 956 1405 fuisse.

839 1662 862 1748 s
887 1663 936 1726 u.

400 1840 551 1906 Tertium
576 1840 728 1907 Minerva
762 1841 870 1906 forma
904 1841 1063 1920 mulieris,
1099 1840 1153 1905 cui
1188 1861 1313 1906 nomen
1336 1862 1407 1907 non
1430 1863 1479 1906 rn-

310 1948 411 2026 ditur,
435 1947 579 2014 versibb.
604 1972 623 2012 v
646 1947 777 2013 30-55
801 1948 914 2026 utitur,
947 1947 1004 2013 ubi
1039 1969 1116 2013 cum
1140 1947 1240 2012 Ulixe
1272 1953 1375 2014 noctu
1399 1956 1480 2015 ante

309 2076 488 2141 procorum
512 2054 648 2119 caedem
671 2053 884 2140 colloquitur3
921 2055 979 2140 qui
1002 2076 1119 2121 versus
1142 2075 1191 2132 1ο,
1227 2053 1319 2140 quod
1348 2055 1413 2120 dea
1435 2077 1480 2121 ex

310 2161 454 2248 Olympo
489 2160 622 2228 devolat
655 2166 688 2225 et
719 2160 798 2226 illuc
832 2161 918 2226 redit
941 2163 1005 2249 (30.
1031 2161 1094 2249 55),
1119 2160 1161 2226 ab
1186 2161 1242 2240 eis,
1275 2183 1363 2246 quae
1386 2168 1479 2228 ante-

311 2269 435 2334 cedunt
458 2273 490 2333 11
513 2267 774 2353 subsequuntur,
798 2268 834 2333 in
857 2268 998 2333 modum
1013 2271 1204 2347 ἐπεισοδίου,
1230 2274 1268 2333 ut
1290 2269 1338 2334 ita
1353 2268 1477 2348 dicam,

310 2376 429 2442 seclusi
453 2374 650 2467 suavissime
678 2395 699 2439 a
730 2381 829 2460 poeta
858 2375 980 2461 expicti
1004 2381 1091 2453 sunt,
1124 2374 1215 2461 quod
1237 2375 1328 2440 idem
1352 2382 1386 2440 et
1408 2376 1478 2442 Wi-

307 2483 466 2550 lamovitz
491 2480 556 2567 (pg.
582 2483 639 2570 68)
663 2487 695 2547 11
718 2481 896 2547 Kirchhoff
920 2480 986 2570 (pg.
1012 2481 1088 2569 526)
1111 2488 1257 2548 1111111.

400 2589 543 2667 Ulixem,
568 2589 627 2673 qui
642 2588 801 2675 gravibus
825 2590 912 2655 curis
936 2589 1100 2655 insomnis
1115 2589 1288 2674 premitur,
1313 2589 1480 2670 Minerva,

309 2703 347 2762 ut
370 2697 523 2761 animum
547 2695 648 2760 addat
664 2695 865 2783 aggressa¹⁷)
888 2697 1079 2782 interrogat,
1096 2717 1156 2761 cur
1169 2696 1335 2761 insomnis
1358 2698 1480 2783 jaceat,

309 2825 517 2890 quamquam
552 2801 691 2867 domum
714 2803 851 2867 tandem
875 2825 1026 2870 reversus
1050 2824 1190 2869 uxorem
1212 2803 1388 2890 filiumque
1418 2805 1481 2869 sal-

308 2933 368 2978 vos
402 2914 592 2975 constantes
624 2910 737 2975 fideles
762 2910 946 2976 offenderit.
994 2910 1038 2975 At
1071 2910 1127 2975 ille
1152 2910 1317 2990 ‚,omnia“,
1354 2910 1480 2997 inquit,

418 3213 448 3282 ¹⁰)
466 3214 596 3268 Kammer
615 3217 670 3282 (pg.
691 3213 754 3281 577)
778 3229 831 3267 non
856 3219 928 3267 recte
954 3229 992 3267 vs.
1014 3210 1111 3273 ualle
1137 3218 1274 3279 tamquam
1299 3211 1481 3281 interpolatos

309 3303 445 3367 eliminat3
464 3319 550 3371 neque
569 3303 640 3357 enim
659 3301 861 3370 interpolatoris
880 3308 929 3368 est,
948 3301 971 3355 si
991 3317 1085 3356 versus
1113 3301 1223 3356 aliunde
1243 3301 1362 3370 recipere
1381 3302 1480 3374 possit,

308 3392 385 3448 novis
399 3393 534 3461 conceptis
545 3409 604 3447 cum
615 3392 670 3446 illis
681 3391 874 3447 dissensionem
883 3391 1008 3462 efficere3
1020 3397 1161 3458 praeterea
1171 3406 1235 3445 voce
1245 3397 1354 3460 πρῶτον
1363 3393 1393 3458 (π
1404 3393 1481 3461 176),

309 3483 332 3537 11
357 3499 409 3537 111
434 3482 596 3537 correlative
624 3499 676 3536 vox
693 3479 762 3548 ‘cipss
785 3487 815 3535 at
841 3487 931 3535 tamen
957 3480 1093 3536 verbosior
1119 3487 1147 3534 et
1172 3479 1303 3548 copiosior
1329 3480 1480 3548 descriptio

309 3572 485 3626 desideratur.
524 3572 692 3627 Offensiones
715 3587 786 3639 vero,
807 3586 873 3638 quas
901 3570 944 3625 vir
970 3569 1140 3626 doctissimus
1170 3570 1258 3639 affert,
1287 3570 1378 3625 nullae
1403 3577 1480 3626 sunt.

308 3662 432 3728 Namque
451 3662 533 3715 verba
558 3659 690 3733 εγναθμοὶ
709 3662 737 3713 cll
763 3657 916 3725 rdvaolsa'
935 3660 986 3714 etsi
1010 3659 1168 3729 singularia,
1188 3665 1280 3714 tamen
1305 3675 1359 3714 non
1382 3659 1481 3727 inepta

309 3757 388 3822 sunt3
406 3758 572 3820 κακοψωνία,
592 3767 660 3817 quae
680 3749 788 3820 dicitur,
808 3749 897 3805 verbis
916 3749 1149 3819 γένετο-ἐγένοντο,
1162 3749 1185 3805 11
1204 3764 1297 3804 versus
1316 3750 1390 3804 tlara
1410 3766 1481 3805 voce

307 3828 394 3910 legas,
413 3857 466 3895 non
486 3840 612 3909 efficitur,
626 3847 654 3894 et
672 3840 755 3894 verba
773 3840 896 3910 ἐγένοντο
919 3836 1055 3909 γενειάδες
1077 3836 1150 3910 ἀμφὶ
1168 3845 1274 3909 γένειον
1298 3854 1384 3906 aequo
1402 3855 1482 3910 sono,

310 3946 361 3998 quo
376 3930 524 3983 Homerum
543 3930 623 3983 valde
641 3931 760 3998 gaudere
773 3928 866 3983 multis
880 3928 1008 3997 exemplis
1021 3929 1118 3996 probat
1129 3929 1172 3983 La
1183 3929 1276 3984 Roeha
1290 3927 1366 3994 (Aac.
1381 3945 1426 3997 pg.
1442 3935 1481 3984 26

309 4020 390 4086 adn),
408 4018 480 4073 inter
498 4035 526 4075 se
545 4018 722 4074 sustinentur.
760 4017 885 4085 Denique
904 4034 998 4073 versus
1011 4018 1175 4073 narrationis
1186 4025 1307 4073 tenorem
1326 4035 1380 4072 non
1391 4018 1482 4074 inter-

308 4113 444 4177 rumpunt,
459 4123 520 4161 cnm
539 4124 572 4162 ex
590 4108 638 4176 eis,
654 4123 722 4175 quae
735 4109 898 4162 antecedunt
916 4113 944 4162 et
963 4108 1173 4177 subsequuntur,
1188 4107 1269 4163 facile
1287 4107 1481 4181 intellegatur,

309 4197 462 4252 Minervam
481 4197 571 4267 etiam,
591 4212 660 4264 quae
678 4213 717 4251 vs.
740 4196 836 4259 lassas
855 4203 1009 4266 narrantur,
1029 4199 1166 4252 conficere.

401 4285 433 4355 Π)
457 4284 522 4356 ὑπὲρ
548 4287 666 4356 κεφαλῆς
693 4286 825 4357 consistit,
853 4295 885 4341 ut
910 4294 938 4342 et
971 4287 1074 4342 somnia
1099 4288 1134 4356 (Β
1153 4292 1194 4357 20,
1221 4292 1250 4339 Ψ
1273 4289 1316 4357 68,
1345 4289 1422 4356 ζ21)
1451 4295 1483 4344 11

253 4421 259 4433 .
309 4374 360 4445 dei,
389 4375 435 4445 qui
465 4377 500 4430 ad
528 4375 665 4430 hominurn
694 4375 794 4431 cubilia
822 4377 953 4431 accedunt
980 4378 1017 4444 (Ω
1036 4379 1096 4447 682,
1125 4377 1210 4433 11863
1234 4375 1280 4433 sed
1299 4396 1313 4430 ο
1332 4378 1369 4450 9),
1386 4378 1482 4438 iacere

309 4465 404 4520 solent.
1415 4475 1417 4479 ·
