3218 5332
438 313 793 389 ,-11-

95 511 134 576 111
155 542 178 579 α
203 511 288 577 libro
311 510 689 576 nonnulla-recentioris
712 511 830 577 aetatis
852 510 1002 599 vestigia,
1027 532 1114 598 quae
1129 471 1191 576 nos
1214 509 1269 575 ad·
1301 467 1304 472 Ι

96 619 167 684 huc
189 620 359 706 fugerunt,
383 618 628 706 indagabimus

643 944 719 1031 ss.

188 1141 256 1206 Hic
285 1163 365 1207 vero
396 1140 577 1226 epiphania
612 1169 636 1207 ω
661 1094 837 1207 era-548
872 1141 1019 1207 maxime
1054 1141 1175 1205 idonea
1209 1146 1267 1216 est,

97 1270 187 1335 qnae
198 1248 235 1313 in
245 1255 398 1313 nostrum
406 1271 506 1313 usum
514 1254 736 1314 convertatur.
754 1249 842 1313 Nam
854 1270 932 1313 cum
942 1248 1111 1335 Odysseae
1121 1255 1270 1314 extrema

97 1362 193 1440 parte
216 1357 436 1433 contineatur,
473 1376 577 1440 quam
610 1361 686 1441 post
716 1355 883 1440 reliquum
912 1377 1046 1420 carmen
1072 1360 1267 1440 conceptam

98 1484 171 1528 esse
206 1484 323 1527 ornnes
355 1463 423 1527 fere
453 1462 497 1527 ad
519 1485 628 1527 unum
651 1463 874 1535 consentiunt,
910 1469 997 1528 certe
1030 1461 1269 1527 recentioribus

100 1569 309 1655 temporibus
348 1569 533 1655 composita
567 1576 624 1634 est.
688 1569 937 1635 Dubitaverunt
974 1576 1087 1634 autem
1127 1569 1168 1634 de
1205 1568 1269 1633 hac

98 1676 270 1762 Odysseae
282 1683 376 1762 parte
388 1677 488 1762 primi
502 1677 743 1762 Aristophanes
757 1685 789 1742 et
800 1677 1023 1756 Aristarchus
1040 1683 1088 1744 ‘ot
1100 1693 1269 1765 κορυφαῖοι

97 1783 166 1850 τῶν
182 1781 256 1851 τότε
271 1785 537 1872 γραμματικῶν’,
562 1791 600 1849 ut
622 1785 669 1848 ait
684 1785 881 1849 Eustathius
898 1782 962 1870 (pg.
983 1784 1067 1848 1948
1084 1783 1134 1848 ed.
1146 1783 1268 1869 110111),

98 1891 160 1976 qui
183 1912 284 1955 versu
307 1906 336 1983 ψ
355 1892 419 1956 296
443 1890 629 1977 Odysseam
653 1889 1266 1982 00110111111110001111111001101.11296).

98 1997 242 2063 Secutus
278 2005 328 2063 est
360 1998 461 2062 huius
497 1998 620 2063 saeculi
658 1998 753 2063 initio
776 1998 894 2083 Spohn
928 1998 1158 2063 dissertatione
1182 2017 1269 2081 quae

97 2105 202 2190 vulgo
218 2105 375 2169 laudatur
386 2105 482 2170 titulo
499 2104 560 2184 „de
573 2113 722 2170 extrema
735 2106 904 2191 Odysseae
917 2112 1030 2191 parte“
1045 2105 1144 2189 (Lips.
1163 2103 1281 2189 1815),
1323 2123 1326 2128 ·

99 2212 169 2288 Qui
185 2232 263 2277 eum
279 2219 486 2297 argumenta,
511 2219 549 2277 ut
572 2213 643 2298 ipse
659 2214 829 2298 praefatur
851 2211 915 2299 (pg.
938 2214 1002 2298 10),
1029 2210 1268 2290 „erationibus

99 2340 219 2384 sensus
243 2318 353 2384 decori
377 2327 410 2383 et
432 2321 661 2385 convenientis
690 2321 736 2385 ita
758 2327 894 2406 peteret,
919 2329 965 2399 111,
991 2320 1074 2406 quid
1096 2319 1270 2385 cecinisset

99 2432 226 2504 auctor,
251 2432 352 2511 atque
375 2426 524 2504 modurn,
557 2449 624 2512 quo
649 2404 831 2506 cecinisset,
866 2428 1082 2504 examinaret,
1107 2425 1227 2491 deinde
1252 2446 1269 2489 e

14 2603 18 2611 ,
100 2532 287 2598 rationibus
310 2528 577 2618 archaeologieis
601 2535 845 2621 mythologicia
870 2535 1045 2612 historicis
1074 2531 1269 2619 geographi-

101 2641 166 2719 cis;
191 2639 337 2725 denique
361 2661 497 2704 omnem
520 2642 657 2706 omnino
682 2641 863 2706 dictionem
887 2648 920 2707 et
942 2641 1101 2711 orationis
1124 2640 1269 2705 colorem

101 2747 303 2833 singulaque
337 2746 441 2812 verba
474 2746 730 2827 consideraret‘,
774 2748 943 2834 Odysseae
967 2768 1083 2814 versus
1110 2764 1137 2841 ψ
1160 2745 1223 2810 297
1242 2784 1267 2790 -

101 2882 126 2918 ω
150 2854 215 2918 546
240 2854 467 2918 recentissimo
490 2875 573 2918 aevo
598 2861 726 2919 coortos
750 2875 821 2919 esse
838 2854 933 2919 'adeo
957 2854 1195 2939 comprobavit,
1221 2859 1267 2930 ut,

101 2961 161 3046 qni
195 2967 311 3046 postea
333 2961 396 3025 hac
421 2961 461 3026 de
485 2983 519 3026 re
543 2962 756 3047 scripserunt,
792 2961 885 3028 velut
907 2962 1071 3027 Kammer
1093 2960 1168 3039 (Die
1192 2960 1268 3023 Ein-

101 3068 172 3132 heit
199 3066 258 3132 der
288 3066 436 3153 Odyssea
464 3075 523 3133 etc.
560 3069 670 3154 Leipz.
699 3071 782 3135 1873
807 3092 861 3155 pg.
888 3070 949 3135 151
976 3075 1047 3156 sq.),
1082 3068 1269 3152 Liesegang

101 3172 155 3260 (de
191 3181 272 3239 extr.
297 3174 467 3260 Odysseae
491 3182 594 3262 parte,
631 3176 791 3243 Bieleteld
817 3178 926 3263 1855),
963 3178 1062 3242 Niese
1093 3174 1166 3261 (Die
1190 3175 1268 3238 Ent-

100 3282 270 3367 wiclduug
293 3282 323 3346 d.
348 3282 437 3346 hom.
463 3284 588 3361 Poesie‚
624 3285 709 3348 Berl.
738 3285 822 3349 1882
855 3308 908 3371 pg.
937 3286 1019 3367 143),
1055 3281 1268 3352 Wilamovitz

101 3386 168 3474 (pg.
195 3390 236 3454 67
261 3392 335 3476 sq.)‚
372 3390 638 3477 1111011011(ρὲΙ
664 3393 730 3457 532
754 3392 827 3479 sq.),
864 3394 893 3458 ei
913 3394 1029 3478 plane
1052 3389 1266 3455 adsentirent.

101 3497 171 3561 Nos
187 3518 276 3575 vero,
302 3519 510 3582 quamquam
528 3520 815 3583 supervacaneum
832 3500 997 3579 ducimus,
1022 3519 1155 3563 ornnem
1173 3517 1267 3579 argu-

100 3604 342 3669 mentationem
366 3606 560 3690 saepissime
584 3606 800 3672 deliberatam
824 3614 981 3693 repetere,
1016 3613 1130 3671 tamen
1154 3625 1171 3667 e
1195 3602 1267 3666 doc-

100 3718 212 3776 torum
250 3712 399 3778 virorum
438 3714 686 3779 commentariis
726 3736 765 3779 ea
802 3721 1001 3798 argumenta
1036 3731 1266 3796 congeramus,

100 3819 224 3905 quibus
270 3818 527 3898 demonstratur,
574 3827 606 3885 et
637 3843 685 3885 vs.
727 3838 754 3908 ψ
788 3822 922 3887 297-01
957 3821 1022 3886 548
1057 3825 1133 3904 post
1166 3816 1267 3881 libros

99 3934 123 4008 β
146 3955 165 4010 y
189 3934 221 3991 et
244 3949 291 3991 vs,
318 3933 347 3989 ω’
365 3927 552 4006 472-548,
582 3926 641 3991 ubi
664 3928 818 3994 Minerva
840 3935 988 4013 apparet,
1020 3926 1135 3991 multis
1166 3925 1267 3990 011011-

101 4033 252 4098 sionibus
275 4033 418 4118 repletos
442 4032 681 4099 recentioribus
705 4035 912 4119 temporibus
936 4038 1113 4127 conceptos
1137 4053 1217 4097 esse.

189 4158 277 4223 Illud
323 4158 460 4247 quidem
498 4159 576 4224 inde
620 4161 837 4225 manifestum
883 4161 931 4239 fit,
977 4158 1069 4244 quod
1106 4157 1266 4223 Mentoris

81 4253 237 4351 'species
274 4286 378 4350 quam
401 4266 553 4332 Minerva
576 4266 696 4342 induit,
732 4289 749 4331 e
782 4267 876 4332 libris
903 4273 1133 4351 ssyreeepta
1165 4272 1266 4348 atque

101 4372 302 4438 Halithersis
341 4373 445 4437 oratio
484 4369 523 4453 (ω
547 4372 713 4459 450-63)
752 4395 792 4438 01(
833 4375 889 4453 eie,
929 4396 1016 4460 quae
1055 4381 1087 4437 et
1124 4374 1195 4457 ipse
1235 4379 1267 4436 et

102 4481 234 4546 Mentor
256 4480 292 4544 in
315 4479 399 4545 libro
422 4487 446 4561 β
469 4481 654 4567 loquuntur
670 4481 821 4569 (Kirchh.
838 4481 919 4569 536)
942 4488 1054 4547 coorta
1077 4486 1134 4546 est.
1168 4479 1265 4545 Acce·
1431 4471 1436 4479 ’
