3202 5326
688 297 909 362 ..17-

214 492 314 569 Quod
337 492 381 557 ad
396 490 600 577 depingendi
616 498 722 557 artem
739 492 866 570 attinet,
890 493 954 558 hoc
977 493 1183 578 impediebat
1199 491 1381 578 quominus

214 599 311 665 deam
328 621 396 664 non
412 605 651 664 commutatam
670 620 747 664 cum
763 599 958 665 hominibus
981 601 1226 686 colloquentem
1249 601 1381 679 iaceret,

214 709 305 793 quod
328 708 366 786 is,
391 707 451 792 qui
486 708 600 778 omnia
634 713 756 792 aperte,
793 707 947 787 dilucide,
984 714 1123 773 naturae
1146 702 1384 774 convenienter

214 815 399 893 enarrabat,
417 821 503 880 certe
519 836 587 879 non
604 814 769 880 minorem
786 836 896 901 neque
912 837 1027 881 curam
1049 837 1159 903 neque
1175 816 1383 901 diligentiam

215 923 258 987 ad
274 922 372 987 deam
389 899 637 1006 depingendam
654 921 843 986 adhibebat.
891 922 956 987 Sed
972 922 1140 1007 quomodo
1157 923 1264 1002 deam,
1279 944 1383 1008 quam

215 1029 286 1114 ipse
310 1050 489 1114 nunquam
513 1035 741 1114 conspexerat,
767 1028 976 1106 describeret,
993 1030 1058 1094 nisi
1074 1031 1252 1095 hominum
1274 1031 1383 1095 forma

215 1144 247 1201 et
275 1135 393 1201 habitu
426 1136 605 1201 indutam?
637 1135 815 1212 Quomodo
847 1136 1002 1202 homines
1033 1158 1111 1201 cum
1142 1137 1213 1202 deis
1240 1137 1382 1222 cognitis

214 1242 443 1327 colloquentes
468 1242 601 1321 laceret,
626 1263 705 1307 cum
729 1248 761 1306 et
776 1242 910 1327 pietatis
934 1248 967 1306 et
982 1242 1062 1307 artis
1079 1251 1257 1329 praecepta
1273 1251 1384 1309 essent

214 1349 446 1435 respicienda?
503 1349 642 1415 Accedit
676 1355 799 1428 autem,
836 1348 928 1434 quod
963 1348 1081 1415 Graeci
1118 1372 1250 1436 semper
1280 1350 1382 1416 ambi-

213 1457 340 1542 guitate
356 1455 505 1541 quadam
521 1463 553 1520 et
568 1456 789 1522 occultatione
801 1456 926 1520 mirum
938 1462 1105 1541 quantum
1122 1456 1381 1536 delectabantur,

214 1585 317 1648 quam
356 1563 535 1649 praecipue
574 1564 617 1628 ad
656 1562 863 1648 tragoediam
902 1563 1131 1653 exomendarn
1167 1562 1381 1643 adhibebant,

213 1672 357 1738 ironiam
381 1671 455 1736 dico
480 1672 652 1757 tragicam,
678 1693 746 1756 qua
769 1692 895 1749 eorum,
921 1671 979 1755 qui
1003 1669 1157 1755 agebant,
1182 1669 1292 1737 verbis
1315 1693 1382 1736 am·

215 1778 352 1863 biguam
374 1779 446 1845 vim
469 1778 686 1844 subiciebant.
719 1778 788 1843 ista
810 1799 889 1843 vero
914 1798 992 1842 cum
1010 1777 1235 1863 ambiguitate
1251 1778 1383 1844 videtur
1504 1833 1510 1843 .

215 1885 464 1971 quodammodo
481 1886 667 1965 cohaerere,
692 1884 783 1971 quod
800 1884 853 1950 dei
869 1885 1065 1950 commutati
1080 1885 1128 1949 ita
1149 1892 1321 1971 apparent,
1346 1892 1384 1950 ut

213 1993 378 2071 homines,
414 2014 492 2057 cum
527 1992 724 2058 mortalibus
758 1992 821 2058 sibi
856 2014 927 2057 rem
958 2013 1029 2057 esse
1058 1993 1121 2057 rati
1149 2013 1227 2057 cum
1250 1993 1383 2058 immor·

214 2099 337 2164 talibus
361 2100 602 2191 colloquantur.
659 2099 750 2176 Quid
773 2100 904 2164 multa?
927 2137 970 2146 —
993 2099 1261 2184 ingeniosissime
1285 2105 1384 2185 poeta

215 2227 285 2270 rem
308 2207 467 2271 instruxit
490 2229 508 2271 e
531 2207 736 2272 rationibus
753 2213 785 2272 et
815 2207 895 2271 artis
924 2213 955 2271 et
979 2205 1158 2291 religionis,
1183 2227 1260 2271 cum
1285 2205 1382 2271 deam

215 2314 366 2378 humana
404 2315 513 2379 lorma
537 2313 706 2401 ¹indutam
734 2313 938 2399 depingeret,
978 2313 1245 2398 ingeniosissime
1269 2313 1383 2379 divino

214 2421 339 2485 auxilio
366 2422 436 2487 vim
471 2429 504 2487 et
530 2412 762 2486 auctoritatem
796 2420 934 2500 addidit,
981 2441 1059 2485 cum
1099 2419 1196 2485 deam
1235 2421 1384 2486 discessu

216 2549 331 2592 veram
364 2536 522 2592 naturam
556 2534 779 2592 ostentantem
811 2512 1033 2633 hominesque
1063 2528 1203 2593 numine
1226 2528 1384 2593 attonitos

216 2636 463 2720 relinquentem
486 2637 616 2700 iaceret.
664 2636 709 2700 At
731 2636 770 2714 ie,
796 2635 855 2720 qui
878 2634 1002 2700 librum
1026 2664 1050 2701 ω
1074 2635 1280 2720 conscripsit,
1306 2656 1384 2700 cum

217 2742 406 2808 Minervam
444 2743 600 2827 quamvis
639 2747 881 2807 commutatam
922 2747 1036 2806 tamen
1074 2761 1152 2805 cum
1189 2740 1383 2808 hominibus

217 2850 331 2913 statim
354 2850 523 2935 cognitam
540 2849 785 2934 colloquentem
809 2849 941 2927 laceret,
967 2848 1068 2913 etiam
1091 2848 1155 2913 hac
1169 2849 1206 2913 in
1222 2871 1257 2914 re
1273 2871 1383 2935 neque

216 2957 296 3022 artis
320 2978 430 3041 neque
454 2957 623 3042 religionis
646 2962 825 3042 praecepta
847 2955 1001 3021 servavit.
1219 2964 1223 2971 '

306 3064 452 3129 Causam
480 3065 507 3130 si
532 3065 738 3150 respicimus,
775 3085 835 3129 cur
867 3063 1020 3128 Minerva
1047 3084 1088 3127 ex
1111 3062 1256 3149 Olympo
1287 3063 1383 3130 devo·
1503 3057 1507 3067 ’

216 3171 343 3251 laverit,
367 3193 436 3236 non
460 3172 673 3252 offendimur,
706 3172 796 3258 quia,
828 3170 919 3256 quod
942 3190 1060 3255 pacem
1083 3170 1171 3235 inter
1193 3170 1328 3236 Ulixem
1351 3179 1384 3238 et

216 3278 407 3344 ithacenses
431 3279 631 3345 constituere
655 3279 865 3365 propositum
887 3276 997 3356 habet,
1037 3276 1127 3341 idem
1161 3277 1251 3342 valet
1282 3285 1382 3365 atque

217 3385 309 3471 quod
344 3385 543 3451 Telemacho
582 3386 720 3451 consilia
755 3385 812 3450 dat
845 3391 905 3451 aut
938 3384 974 3448 in
1009 3383 1133 3448 itinere·
1157 3386 1382 3469 comparando

218 3493 342 3556 auxilio
396 3493 496 3559 venit.
566 3492 632 3558 Sed
678 3492 718 3558 de
764 3492 903 3557 ratione
937 3497 1038 3578 atque
1082 3492 1148 3571 via,
1199 3514 1267 3577 qua
1311 3515 1401 3579 pro-¹

195 3592 198 3597 ’
218 3601 326 3684 posita
349 3599 552 3685 exsequitur,
589 3599 700 3695 denuo
723 3599 939 3685 gravissimas
961 3599 998 3662 in
1022 3600 1223 3664 offensiones
1245 3600 1405 3665 incurri

218 3729 302 3771 mus.
362 3708 518 3793 Namque
543 3708 704 3786 Minerva,
739 3729 806 3792 quo
840 3707 960 3771 melius
990 3706 1027 3770 in
1055 3705 1148 3770 libris
1170 3712 1194 3786 β
1216 3736 1235 3790 y
1258 3709 1381 3789 omnia,

218 3835 305 3899 quae
328 3814 473 3894 molitur,
488 3814 541 3880 ‚ad
564 3815 773 3900 propositum
806 3815 915 3893 refert,
947 3835 985 3878 eo
1015 3813 1161 3898 ineptius
1192 3814 1228 3877 in
1250 3813 1334 3879 libro
1358 3846 1382 3883 ω
1425 3855 1428 3861 ·

218 3921 324 4005 ipsius
359 3921 497 3985 consilia
530 3921 725 4006 perrumpit.
788 3921 920 3986 Etenim
946 3941 985 3984 ea
1018 3921 1110 4006 ipsa,
1138 3942 1224 4005 quae
1248 3922 1382 3988 Ulixem

217 4026 449 4093 ltlracensibus
479 4028 693 4093 reconciliare
721 4026 841 4106 studet,
865 4027 976 4092 Laerti
998 4028 1123 4092 mirum
1146 4034 1312 4112 quantum
1335 4031 1381 4094 in·
1411 4086 1415 4093 .

219 4137 399 4213 flammato,
424 4142 462 4198 ut
485 4135 582 4200 hasta
604 4136 751 4220 proiecta
773 4134 899 4200 bellum
922 4135 1069 4220 incipiat,
1094 4135 1218 4202 suadet.
1263 4137 1382 4202 Postea

219 4265 296 4308 cum
320 4242 436 4308 Ulixes
472 4248 504 4306 et
537 4230 634 4306 filius'
659 4241 834 4306 furibundi
867 4250 982 4307 contra
1004 4241 1195 4311 ithacenses
1218 4243 1381 4324 saeviunt,

219 4350 383 4435 proelium
407 4369 606 4434 componere
629 4346 724 4434 jubet
755 4369 836 4415 voce
860 4354 930 4413 tam
952 4348 1100 4427 terribili,
1136 4355 1174 4413 ut
1196 4349 1243 4413 illi
1267 4349 1382 4416 diffusi
1443 4409 1445 4413 .

221 4457 337 4522 urbem
360 4479 476 4523 versus
493 4456 698 4542 confugiant,
729 4456 847 4543 Neque
870 4457 963 4542 prius
981 4455 1096 4524 divina
1112 4477 1173 4521 sua
1188 4458 1381 4524 auctoritate
1409 4499 1413 4507 ·

1170 4567 1186 4620 2
